date,Tax Effect Of Unusual Items,Tax Rate For Calcs,Normalized EBITDA,Net Income From Continuing Operation Net Minority Interest,Reconciled Depreciation,Reconciled Cost Of Revenue,EBITDA,EBIT,Normalized Income,Net Income From Continuing And Discontinued Operation,Total Expenses,Total Operating Income As Reported,Diluted Average Shares,Basic Average Shares,Diluted EPS,Basic EPS,Diluted NI Availto Com Stockholders,Net Income Common Stockholders,Net Income,Net Income Including Noncontrolling Interests,Net Income Continuous Operations,Tax Provision,Pretax Income,Other Income Expense,Other Non Operating Income Expenses,Operating Income,Operating Expense,Research And Development,Selling General And Administration,Gross Profit,Cost Of Revenue,Total Revenue,Operating Revenue,Total Unusual Items,Total Unusual Items Excluding Goodwill,Net Interest Income,Interest Expense,Interest Income,Rent Expense Supplemental,Otherunder Preferred Stock Dividend,Minority Interests,Special Income Charges,Restructuring And Mergern Acquisition,Net Non Operating Interest Income Expense,Interest Expense Non Operating,Interest Income Non Operating,Write Off,Gain On Sale Of Security,Selling And Marketing Expense,General And Administrative Expense,Other Gand A,stock_id,fiscal_date,Average Dilution Earnings,Earnings From Equity Interest,Earnings From Equity Interest Net Of Tax,Other Operating Expenses,Total Other Finance Cost,Net Income Discontinuous Operations,Depreciation Amortization Depletion Income Statement,Depreciation And Amortization In Income Statement,Amortization,Amortization Of Intangibles Income Statement,Gain On Sale Of Business,Other Special Charges,Impairment Of Capital Assets,Insurance And Claims,Salaries And Wages,Provision For Doubtful Accounts,Depletion Income Statement,Depreciation Income Statement,Preferred Stock Dividends,Gain On Sale Of Ppe,Occupancy And Equipment,Professional Expense And Contract Services Expense,Other Non Interest Expense,Other Taxes
,0.0,0.159,28202000000.0,21448000000.0,2850000000.0,46099000000.0,28202000000.0,25352000000.0,21448000000.0,21448000000.0,60425000000.0,25352000000.0,15348175000.0,15287521000.0,1.4,1.4,21448000000.0,21448000000.0,21448000000.0,21448000000.0,21448000000.0,4046000000.0,25494000000.0,142000000.0,142000000.0,25352000000.0,14326000000.0,8006000000.0,6320000000.0,39678000000.0,46099000000.0,85777000000.0,85777000000.0,,,,,,,,,,,,,,,,,,,AAPL,2024-06-30 00:00:00,,,,,,,,,,,,,,,,,,,,,,,,
,0.0,0.21,32502000000.0,14736000000.0,2911000000.0,51051000000.0,32502000000.0,29591000000.0,14736000000.0,14736000000.0,65339000000.0,29591000000.0,15242853000.0,15171990000.0,0.97,0.97,14736000000.0,14736000000.0,14736000000.0,14736000000.0,14736000000.0,14874000000.0,29610000000.0,19000000.0,19000000.0,29591000000.0,14288000000.0,7765000000.0,6523000000.0,43879000000.0,51051000000.0,94930000000.0,94930000000.0,,,,,,,,,,,,,,,,,,,AAPL,2024-09-30 00:00:00,,,,,,,,,,,,,,,,,,,,,,,,
,0.0,0.147,45912000000.0,36330000000.0,3080000000.0,66025000000.0,45912000000.0,42832000000.0,36330000000.0,36330000000.0,81468000000.0,42832000000.0,15150865000.0,15081724000.0,2.4,2.41,36330000000.0,36330000000.0,36330000000.0,36330000000.0,36330000000.0,6254000000.0,42584000000.0,-248000000.0,-248000000.0,42832000000.0,15443000000.0,8268000000.0,7175000000.0,58275000000.0,66025000000.0,124300000000.0,124300000000.0,,,,,,,,,,,,,,,,,,,AAPL,2024-12-31 00:00:00,,,,,,,,,,,,,,,,,,,,,,,,
,0.0,0.155,32250000000.0,24780000000.0,2661000000.0,50492000000.0,32250000000.0,29589000000.0,24780000000.0,24780000000.0,65770000000.0,29589000000.0,15056133000.0,14994082000.0,1.65,1.65,24780000000.0,24780000000.0,24780000000.0,24780000000.0,24780000000.0,4530000000.0,29310000000.0,-279000000.0,-279000000.0,29589000000.0,15278000000.0,8550000000.0,6728000000.0,44867000000.0,50492000000.0,95359000000.0,95359000000.0,,,,,,,,,,,,,,,,,,,AAPL,2025-03-31 00:00:00,,,,,,,,,,,,,,,,,,,,,,,,
,0.0,0.164,31032000000.0,23434000000.0,2830000000.0,50318000000.0,31032000000.0,28202000000.0,23434000000.0,23434000000.0,65834000000.0,28202000000.0,14948179000.0,14902886000.0,1.57,1.57,23434000000.0,23434000000.0,23434000000.0,23434000000.0,23434000000.0,4597000000.0,28031000000.0,-171000000.0,-171000000.0,28202000000.0,15516000000.0,8866000000.0,6650000000.0,43718000000.0,50318000000.0,94036000000.0,94036000000.0,,,,,,,,,,,,,,,,,,,AAPL,2025-06-30 00:00:00,,,,,,,,,,,,,,,,,,,,,,,,
,0.0,0.159,28202000000.0,21448000000.0,2850000000.0,46099000000.0,28202000000.0,25352000000.0,21448000000.0,21448000000.0,60425000000.0,25352000000.0,15348175000.0,15287521000.0,1.4,1.4,21448000000.0,21448000000.0,21448000000.0,21448000000.0,21448000000.0,4046000000.0,25494000000.0,142000000.0,142000000.0,25352000000.0,14326000000.0,8006000000.0,6320000000.0,39678000000.0,46099000000.0,85777000000.0,85777000000.0,,,,,,,,,,,,,,,,,,,AAPL,2024-06-30,,,,,,,,,,,,,,,,,,,,,,,,
,0.0,0.159,28202000000.0,21448000000.0,2850000000.0,46099000000.0,28202000000.0,25352000000.0,21448000000.0,21448000000.0,60425000000.0,25352000000.0,15348175000.0,15287521000.0,1.4,1.4,21448000000.0,21448000000.0,21448000000.0,21448000000.0,21448000000.0,4046000000.0,25494000000.0,142000000.0,142000000.0,25352000000.0,14326000000.0,8006000000.0,6320000000.0,39678000000.0,46099000000.0,85777000000.0,85777000000.0,,,,,,,,,,,,,,,,,,,AAPL,2024-06-30 00:00:00,,,,,,,,,,,,,,,,,,,,,,,,
,0.0,0.21,32502000000.0,14736000000.0,2911000000.0,51051000000.0,32502000000.0,29591000000.0,14736000000.0,14736000000.0,65339000000.0,29591000000.0,15242853000.0,15171990000.0,0.97,0.97,14736000000.0,14736000000.0,14736000000.0,14736000000.0,14736000000.0,14874000000.0,29610000000.0,19000000.0,19000000.0,29591000000.0,14288000000.0,7765000000.0,6523000000.0,43879000000.0,51051000000.0,94930000000.0,94930000000.0,,,,,,,,,,,,,,,,,,,AAPL,2024-09-30,,,,,,,,,,,,,,,,,,,,,,,,
,0.0,0.21,32502000000.0,14736000000.0,2911000000.0,51051000000.0,32502000000.0,29591000000.0,14736000000.0,14736000000.0,65339000000.0,29591000000.0,15242853000.0,15171990000.0,0.97,0.97,14736000000.0,14736000000.0,14736000000.0,14736000000.0,14736000000.0,14874000000.0,29610000000.0,19000000.0,19000000.0,29591000000.0,14288000000.0,7765000000.0,6523000000.0,43879000000.0,51051000000.0,94930000000.0,94930000000.0,,,,,,,,,,,,,,,,,,,AAPL,2024-09-30 00:00:00,,,,,,,,,,,,,,,,,,,,,,,,
,0.0,0.147,45912000000.0,36330000000.0,3080000000.0,66025000000.0,45912000000.0,42832000000.0,36330000000.0,36330000000.0,81468000000.0,42832000000.0,15150865000.0,15081724000.0,2.4,2.41,36330000000.0,36330000000.0,36330000000.0,36330000000.0,36330000000.0,6254000000.0,42584000000.0,-248000000.0,-248000000.0,42832000000.0,15443000000.0,8268000000.0,7175000000.0,58275000000.0,66025000000.0,124300000000.0,124300000000.0,,,,,,,,,,,,,,,,,,,AAPL,2024-12-31,,,,,,,,,,,,,,,,,,,,,,,,
,0.0,0.147,45912000000.0,36330000000.0,3080000000.0,66025000000.0,45912000000.0,42832000000.0,36330000000.0,36330000000.0,81468000000.0,42832000000.0,15150865000.0,15081724000.0,2.4,2.41,36330000000.0,36330000000.0,36330000000.0,36330000000.0,36330000000.0,6254000000.0,42584000000.0,-248000000.0,-248000000.0,42832000000.0,15443000000.0,8268000000.0,7175000000.0,58275000000.0,66025000000.0,124300000000.0,124300000000.0,,,,,,,,,,,,,,,,,,,AAPL,2024-12-31 00:00:00,,,,,,,,,,,,,,,,,,,,,,,,
,0.0,0.155,32250000000.0,24780000000.0,2661000000.0,50492000000.0,32250000000.0,29589000000.0,24780000000.0,24780000000.0,65770000000.0,29589000000.0,15056133000.0,14994082000.0,1.65,1.65,24780000000.0,24780000000.0,24780000000.0,24780000000.0,24780000000.0,4530000000.0,29310000000.0,-279000000.0,-279000000.0,29589000000.0,15278000000.0,8550000000.0,6728000000.0,44867000000.0,50492000000.0,95359000000.0,95359000000.0,,,,,,,,,,,,,,,,,,,AAPL,2025-03-31,,,,,,,,,,,,,,,,,,,,,,,,
,0.0,0.155,32250000000.0,24780000000.0,2661000000.0,50492000000.0,32250000000.0,29589000000.0,24780000000.0,24780000000.0,65770000000.0,29589000000.0,15056133000.0,14994082000.0,1.65,1.65,24780000000.0,24780000000.0,24780000000.0,24780000000.0,24780000000.0,4530000000.0,29310000000.0,-279000000.0,-279000000.0,29589000000.0,15278000000.0,8550000000.0,6728000000.0,44867000000.0,50492000000.0,95359000000.0,95359000000.0,,,,,,,,,,,,,,,,,,,AAPL,2025-03-31 00:00:00,,,,,,,,,,,,,,,,,,,,,,,,
,0.0,0.164,31032000000.0,23434000000.0,2830000000.0,50318000000.0,31032000000.0,28202000000.0,23434000000.0,23434000000.0,65834000000.0,28202000000.0,14948179000.0,14902886000.0,1.57,1.57,23434000000.0,23434000000.0,23434000000.0,23434000000.0,23434000000.0,4597000000.0,28031000000.0,-171000000.0,-171000000.0,28202000000.0,15516000000.0,8866000000.0,6650000000.0,43718000000.0,50318000000.0,94036000000.0,94036000000.0,,,,,,,,,,,,,,,,,,,AAPL,2025-06-30,,,,,,,,,,,,,,,,,,,,,,,,
,0.0,0.164,31032000000.0,23434000000.0,2830000000.0,50318000000.0,31032000000.0,28202000000.0,23434000000.0,23434000000.0,65834000000.0,28202000000.0,14948179000.0,14902886000.0,1.57,1.57,23434000000.0,23434000000.0,23434000000.0,23434000000.0,23434000000.0,4597000000.0,28031000000.0,-171000000.0,-171000000.0,28202000000.0,15516000000.0,8866000000.0,6650000000.0,43718000000.0,50318000000.0,94036000000.0,94036000000.0,,,,,,,,,,,,,,,,,,,AAPL,2025-06-30 00:00:00,,,,,,,,,,,,,,,,,,,,,,,,
2024-06-30,0.0,0.159,28202000000.0,21448000000.0,2850000000.0,46099000000.0,28202000000.0,25352000000.0,21448000000.0,21448000000.0,60425000000.0,25352000000.0,15348175000.0,15287521000.0,1.4,1.4,21448000000.0,21448000000.0,21448000000.0,21448000000.0,21448000000.0,4046000000.0,25494000000.0,142000000.0,142000000.0,25352000000.0,14326000000.0,8006000000.0,6320000000.0,39678000000.0,46099000000.0,85777000000.0,85777000000.0,,,,,,,,,,,,,,,,,,,AAPL,,,,,,,,,,,,,,,,,,,,,,,,,
,,,,,,,,,,,,,,,,,,,,,,,,,,,,,,,,,,,,,,,,,,,,,,,,,,,,ADBE,2024-02-29 00:00:00,,,,,,,,,,,,1000000000.0,,,,,,,,,,,,
,,,,,,,,,,,,,,,,,,,,,,,,,82000000.0,,,,,,,,,,,,,,,,,,,,,,,,,,,ADBE,2024-05-31 00:00:00,,,,,,,,,,,,,,,,,,,,,,,,
,2160000.0,0.18,2294000000.0,1684000000.0,213000000.0,384000000.0,2306000000.0,2093000000.0,1674160000.0,1684000000.0,3416000000.0,1992000000.0,448000000.0,445000000.0,3.76,3.78,1684000000.0,1684000000.0,1684000000.0,1684000000.0,1684000000.0,358000000.0,2042000000.0,101000000.0,89000000.0,1992000000.0,2862000000.0,1022000000.0,1797000000.0,4854000000.0,554000000.0,5408000000.0,5408000000.0,12000000.0,12000000.0,-51000000.0,51000000.0,,,,,0.0,0.0,-51000000.0,51000000.0,,,12000000.0,1431000000.0,366000000.0,366000000.0,ADBE,2024-08-31 00:00:00,,,,,,,43000000.0,43000000.0,43000000.0,43000000.0,,,,,,,,,,,,,,
,-2475138.121547,0.154696,2275000000.0,1683000000.0,218000000.0,440000000.0,2259000000.0,2041000000.0,1696524861.878453,1683000000.0,3649000000.0,1957000000.0,443000000.0,441000000.0,3.79,3.81,1683000000.0,1683000000.0,1683000000.0,1683000000.0,1683000000.0,308000000.0,1991000000.0,-257000000.0,,1957000000.0,3033000000.0,999000000.0,1992000000.0,4990000000.0,616000000.0,5606000000.0,5606000000.0,-16000000.0,-16000000.0,291000000.0,50000000.0,,,,,0.0,0.0,291000000.0,50000000.0,,,-16000000.0,1536000000.0,456000000.0,456000000.0,ADBE,2024-11-30 00:00:00,,,,,,,42000000.0,42000000.0,42000000.0,42000000.0,,,,,,,,,,,,,,
,1020000.0,0.17,2455000000.0,1811000000.0,217000000.0,446000000.0,2461000000.0,2244000000.0,1806020000.0,1811000000.0,3551000000.0,2163000000.0,438000000.0,436000000.0,4.14,4.15,1811000000.0,1811000000.0,1811000000.0,1811000000.0,1811000000.0,371000000.0,2182000000.0,81000000.0,75000000.0,2163000000.0,2929000000.0,1026000000.0,1862000000.0,5092000000.0,622000000.0,5714000000.0,5714000000.0,6000000.0,6000000.0,-62000000.0,62000000.0,,,,,0.0,0.0,-62000000.0,62000000.0,,,6000000.0,1495000000.0,367000000.0,367000000.0,ADBE,2025-02-28 00:00:00,,,,,,,41000000.0,41000000.0,41000000.0,41000000.0,,,,,,,,,,,,,,
,400000.0,0.2,2376000000.0,1691000000.0,209000000.0,470000000.0,2378000000.0,2169000000.0,1689400000.0,1691000000.0,3764000000.0,2109000000.0,429000000.0,428000000.0,3.94,3.95,1691000000.0,1691000000.0,1691000000.0,1691000000.0,1691000000.0,410000000.0,2101000000.0,60000000.0,58000000.0,2109000000.0,3126000000.0,1082000000.0,2003000000.0,5235000000.0,638000000.0,5873000000.0,5873000000.0,2000000.0,2000000.0,-68000000.0,68000000.0,,,,,0.0,0.0,-68000000.0,68000000.0,,,2000000.0,1626000000.0,377000000.0,377000000.0,ADBE,2025-05-31 00:00:00,,,,,,,41000000.0,41000000.0,41000000.0,41000000.0,,,,,,,,,,,,,,
,4370000.0,0.19,2439000000.0,1772000000.0,208000000.0,472000000.0,2462000000.0,2254000000.0,1753370000.0,1772000000.0,3815000000.0,2173000000.0,424000000.0,423000000.0,4.18,4.18,1772000000.0,1772000000.0,1772000000.0,1772000000.0,1772000000.0,415000000.0,2187000000.0,81000000.0,58000000.0,2173000000.0,3173000000.0,1088000000.0,2047000000.0,5346000000.0,642000000.0,5988000000.0,5988000000.0,23000000.0,23000000.0,-67000000.0,67000000.0,,,,,0.0,0.0,-67000000.0,67000000.0,,,23000000.0,1639000000.0,408000000.0,408000000.0,ADBE,2025-08-31 00:00:00,,,,,,,38000000.0,38000000.0,38000000.0,38000000.0,,,,,,,,,,,,,,
,,,,,,,,,,,,,,,,,,,,,,,,,,,,,,,,,,,,,,,,,,,,,,,,,,,,ADBE,2024-02-29 00:00:00,,,,,,,,,,,,1000000000.0,,,,,,,,,,,,
,,,,,,,,,,,,,,,,,,,,,,,,,82000000.0,,,,,,,,,,,,,,,,,,,,,,,,,,,ADBE,2024-05-31 00:00:00,,,,,,,,,,,,,,,,,,,,,,,,
,2160000.0,0.18,2294000000.0,1684000000.0,213000000.0,384000000.0,2306000000.0,2093000000.0,1674160000.0,1684000000.0,3416000000.0,1992000000.0,448000000.0,445000000.0,3.76,3.78,1684000000.0,1684000000.0,1684000000.0,1684000000.0,1684000000.0,358000000.0,2042000000.0,101000000.0,89000000.0,1992000000.0,2862000000.0,1022000000.0,1797000000.0,4854000000.0,554000000.0,5408000000.0,5408000000.0,12000000.0,12000000.0,-51000000.0,51000000.0,,,,,0.0,0.0,-51000000.0,51000000.0,,,12000000.0,1431000000.0,366000000.0,366000000.0,ADBE,2024-08-31 00:00:00,,,,,,,43000000.0,43000000.0,43000000.0,43000000.0,,,,,,,,,,,,,,
,-2475138.121547,0.154696,2275000000.0,1683000000.0,218000000.0,440000000.0,2259000000.0,2041000000.0,1696524861.878453,1683000000.0,3649000000.0,1957000000.0,443000000.0,441000000.0,3.79,3.81,1683000000.0,1683000000.0,1683000000.0,1683000000.0,1683000000.0,308000000.0,1991000000.0,-257000000.0,,1957000000.0,3033000000.0,999000000.0,1992000000.0,4990000000.0,616000000.0,5606000000.0,5606000000.0,-16000000.0,-16000000.0,291000000.0,50000000.0,,,,,0.0,0.0,291000000.0,50000000.0,,,-16000000.0,1536000000.0,456000000.0,456000000.0,ADBE,2024-11-30 00:00:00,,,,,,,42000000.0,42000000.0,42000000.0,42000000.0,,,,,,,,,,,,,,
,1020000.0,0.17,2455000000.0,1811000000.0,217000000.0,446000000.0,2461000000.0,2244000000.0,1806020000.0,1811000000.0,3551000000.0,2163000000.0,438000000.0,436000000.0,4.14,4.15,1811000000.0,1811000000.0,1811000000.0,1811000000.0,1811000000.0,371000000.0,2182000000.0,81000000.0,75000000.0,2163000000.0,2929000000.0,1026000000.0,1862000000.0,5092000000.0,622000000.0,5714000000.0,5714000000.0,6000000.0,6000000.0,-62000000.0,62000000.0,,,,,0.0,0.0,-62000000.0,62000000.0,,,6000000.0,1495000000.0,367000000.0,367000000.0,ADBE,2025-02-28 00:00:00,,,,,,,41000000.0,41000000.0,41000000.0,41000000.0,,,,,,,,,,,,,,
,400000.0,0.2,2376000000.0,1691000000.0,209000000.0,470000000.0,2378000000.0,2169000000.0,1689400000.0,1691000000.0,3764000000.0,2109000000.0,429000000.0,428000000.0,3.94,3.95,1691000000.0,1691000000.0,1691000000.0,1691000000.0,1691000000.0,410000000.0,2101000000.0,60000000.0,58000000.0,2109000000.0,3126000000.0,1082000000.0,2003000000.0,5235000000.0,638000000.0,5873000000.0,5873000000.0,2000000.0,2000000.0,-68000000.0,68000000.0,,,,,0.0,0.0,-68000000.0,68000000.0,,,2000000.0,1626000000.0,377000000.0,377000000.0,ADBE,2025-05-31 00:00:00,,,,,,,41000000.0,41000000.0,41000000.0,41000000.0,,,,,,,,,,,,,,
,4370000.0,0.19,2439000000.0,1772000000.0,208000000.0,472000000.0,2462000000.0,2254000000.0,1753370000.0,1772000000.0,3815000000.0,2173000000.0,424000000.0,423000000.0,4.18,4.18,1772000000.0,1772000000.0,1772000000.0,1772000000.0,1772000000.0,415000000.0,2187000000.0,81000000.0,58000000.0,2173000000.0,3173000000.0,1088000000.0,2047000000.0,5346000000.0,642000000.0,5988000000.0,5988000000.0,23000000.0,23000000.0,-67000000.0,67000000.0,,,,,0.0,0.0,-67000000.0,67000000.0,,,23000000.0,1639000000.0,408000000.0,408000000.0,ADBE,2025-08-31 00:00:00,,,,,,,38000000.0,38000000.0,38000000.0,38000000.0,,,,,,,,,,,,,,
,,,,,,,,,,,,,,,,,,,,,,,,,,,,,,,,,,,,,,,,,,,,,,,,,,,,AMD,2024-03-31 00:00:00,,,,-13000000.0,,,,,,,,,,,,,,,,,,,,
,0.0,0.134,1093000000.0,265000000.0,769000000.0,2574000000.0,1093000000.0,324000000.0,265000000.0,265000000.0,5566000000.0,269000000.0,1637000000.0,1618000000.0,0.16,0.16,265000000.0,265000000.0,265000000.0,265000000.0,265000000.0,41000000.0,299000000.0,55000000.0,55000000.0,269000000.0,2595000000.0,1583000000.0,640000000.0,2864000000.0,2971000000.0,5835000000.0,5835000000.0,,,-25000000.0,25000000.0,,,,,,,-25000000.0,25000000.0,,,,,,,AMD,2024-06-30 00:00:00,,,7000000.0,-10000000.0,,0.0,372000000.0,372000000.0,372000000.0,372000000.0,,,,,,,,,,,,,,
,0.0,0.21,1598000000.0,771000000.0,838000000.0,2914000000.0,1598000000.0,760000000.0,771000000.0,771000000.0,6095000000.0,724000000.0,1636000000.0,1620000000.0,0.47,0.48,771000000.0,771000000.0,771000000.0,771000000.0,771000000.0,-27000000.0,737000000.0,36000000.0,36000000.0,724000000.0,2695000000.0,1636000000.0,721000000.0,3419000000.0,3400000000.0,6819000000.0,6819000000.0,,,-23000000.0,23000000.0,,,,,,,-23000000.0,23000000.0,,,,,,,AMD,2024-09-30 00:00:00,,,7000000.0,-14000000.0,,,352000000.0,352000000.0,352000000.0,352000000.0,,,,,,,,,,,,,,
,0.0,0.21,1694000000.0,482000000.0,786000000.0,3322000000.0,1694000000.0,908000000.0,482000000.0,482000000.0,6601000000.0,871000000.0,1634000000.0,1623000000.0,0.29,0.3,482000000.0,482000000.0,482000000.0,482000000.0,482000000.0,419000000.0,889000000.0,-331000000.0,-147000000.0,1057000000.0,2825000000.0,1712000000.0,792000000.0,3882000000.0,3776000000.0,7658000000.0,7658000000.0,,,163000000.0,19000000.0,,,,,,,163000000.0,19000000.0,,,,,,,AMD,2024-12-31 00:00:00,,,12000000.0,-11000000.0,,,332000000.0,332000000.0,332000000.0,332000000.0,,,,,,,,,,,,,,
,0.0,0.148,1587000000.0,709000000.0,742000000.0,3276000000.0,1587000000.0,845000000.0,709000000.0,709000000.0,6632000000.0,806000000.0,1626000000.0,1620000000.0,0.44,0.44,709000000.0,709000000.0,709000000.0,709000000.0,709000000.0,123000000.0,825000000.0,39000000.0,39000000.0,806000000.0,2930000000.0,1728000000.0,886000000.0,3736000000.0,3702000000.0,7438000000.0,7438000000.0,,,-20000000.0,20000000.0,,,,,,,-20000000.0,20000000.0,,,,,,,AMD,2025-03-31 00:00:00,,,7000000.0,,,,316000000.0,316000000.0,316000000.0,316000000.0,,,,,,,,,,,,,,
,0.0,0.21,721000000.0,768000000.0,757000000.0,4177000000.0,721000000.0,-36000000.0,768000000.0,872000000.0,7819000000.0,-134000000.0,1630000000.0,1623000000.0,0.54,0.54,872000000.0,872000000.0,872000000.0,872000000.0,768000000.0,-834000000.0,-74000000.0,98000000.0,98000000.0,-134000000.0,3193000000.0,1894000000.0,991000000.0,3059000000.0,4626000000.0,7685000000.0,7685000000.0,,,-38000000.0,38000000.0,,,,,,,-38000000.0,38000000.0,,,,,,,AMD,2025-06-30 00:00:00,,,8000000.0,,,104000000.0,308000000.0,308000000.0,308000000.0,308000000.0,,,,,,,,,,,,,,
,,,,,,,,,,,,,,,,,,,,,,,,,,,,,,,,,,,,,,,,,,,,,,,,,,,,AMD,2024-03-31 00:00:00,,,,-13000000.0,,,,,,,,,,,,,,,,,,,,
,0.0,0.134,1093000000.0,265000000.0,769000000.0,2574000000.0,1093000000.0,324000000.0,265000000.0,265000000.0,5566000000.0,269000000.0,1637000000.0,1618000000.0,0.16,0.16,265000000.0,265000000.0,265000000.0,265000000.0,265000000.0,41000000.0,299000000.0,55000000.0,55000000.0,269000000.0,2595000000.0,1583000000.0,640000000.0,2864000000.0,2971000000.0,5835000000.0,5835000000.0,,,-25000000.0,25000000.0,,,,,,,-25000000.0,25000000.0,,,,,,,AMD,2024-06-30 00:00:00,,,7000000.0,-10000000.0,,0.0,372000000.0,372000000.0,372000000.0,372000000.0,,,,,,,,,,,,,,
,0.0,0.21,1598000000.0,771000000.0,838000000.0,2914000000.0,1598000000.0,760000000.0,771000000.0,771000000.0,6095000000.0,724000000.0,1636000000.0,1620000000.0,0.47,0.48,771000000.0,771000000.0,771000000.0,771000000.0,771000000.0,-27000000.0,737000000.0,36000000.0,36000000.0,724000000.0,2695000000.0,1636000000.0,721000000.0,3419000000.0,3400000000.0,6819000000.0,6819000000.0,,,-23000000.0,23000000.0,,,,,,,-23000000.0,23000000.0,,,,,,,AMD,2024-09-30 00:00:00,,,7000000.0,-14000000.0,,,352000000.0,352000000.0,352000000.0,352000000.0,,,,,,,,,,,,,,
,0.0,0.21,1694000000.0,482000000.0,786000000.0,3322000000.0,1694000000.0,908000000.0,482000000.0,482000000.0,6601000000.0,871000000.0,1634000000.0,1623000000.0,0.29,0.3,482000000.0,482000000.0,482000000.0,482000000.0,482000000.0,419000000.0,889000000.0,-331000000.0,-147000000.0,1057000000.0,2825000000.0,1712000000.0,792000000.0,3882000000.0,3776000000.0,7658000000.0,7658000000.0,,,163000000.0,19000000.0,,,,,,,163000000.0,19000000.0,,,,,,,AMD,2024-12-31 00:00:00,,,12000000.0,-11000000.0,,,332000000.0,332000000.0,332000000.0,332000000.0,,,,,,,,,,,,,,
,0.0,0.148,1587000000.0,709000000.0,742000000.0,3276000000.0,1587000000.0,845000000.0,709000000.0,709000000.0,6632000000.0,806000000.0,1626000000.0,1620000000.0,0.44,0.44,709000000.0,709000000.0,709000000.0,709000000.0,709000000.0,123000000.0,825000000.0,39000000.0,39000000.0,806000000.0,2930000000.0,1728000000.0,886000000.0,3736000000.0,3702000000.0,7438000000.0,7438000000.0,,,-20000000.0,20000000.0,,,,,,,-20000000.0,20000000.0,,,,,,,AMD,2025-03-31 00:00:00,,,7000000.0,,,,316000000.0,316000000.0,316000000.0,316000000.0,,,,,,,,,,,,,,
,0.0,0.21,721000000.0,768000000.0,757000000.0,4177000000.0,721000000.0,-36000000.0,768000000.0,872000000.0,7819000000.0,-134000000.0,1630000000.0,1623000000.0,0.54,0.54,872000000.0,872000000.0,872000000.0,872000000.0,768000000.0,-834000000.0,-74000000.0,98000000.0,98000000.0,-134000000.0,3193000000.0,1894000000.0,991000000.0,3059000000.0,4626000000.0,7685000000.0,7685000000.0,,,-38000000.0,38000000.0,,,,,,,-38000000.0,38000000.0,,,,,,,AMD,2025-06-30 00:00:00,,,8000000.0,,,104000000.0,308000000.0,308000000.0,308000000.0,308000000.0,,,,,,,,,,,,,,
,-1974700.0,0.091,1793400000.0,761800000.0,561700000.0,608200000.0,1771700000.0,1210000000.0,781525300.0,900300000.0,1388500000.0,1156200000.0,467781000.0,467038000.0,1.92,1.93,900300000.0,900300000.0,900300000.0,908400000.0,769900000.0,77400000.0,847300000.0,19400000.0,41100000.0,1156200000.0,739200000.0,,218300000.0,1895400000.0,649300000.0,2544700000.0,2544700000.0,-21700000.0,-21700000.0,-328300000.0,362700000.0,34400000.0,,,-8100000.0,0.0,,-328300000.0,362700000.0,34400000.0,,-21700000.0,,,,AMT,2024-06-30 00:00:00,,,,300000.0,,138500000.0,520600000.0,520600000.0,,,,,,,,,,,,,,,,
,-74902800.0,0.222,1757500000.0,416200000.0,512800000.0,637500000.0,1420100000.0,907300000.0,678697200.0,-792300000.0,1383100000.0,1139200000.0,468261000.0,467196000.0,-1.7,-1.7,-792300000.0,-792300000.0,-792300000.0,-780400000.0,428100000.0,122400000.0,550500000.0,-269600000.0,67800000.0,1139200000.0,731300000.0,,227700000.0,1870500000.0,651800000.0,2522300000.0,2522300000.0,-337400000.0,-337400000.0,-319100000.0,356800000.0,37700000.0,,,-11900000.0,0.0,,-319100000.0,356800000.0,37700000.0,,-337400000.0,,,,AMT,2024-09-30 00:00:00,,,,5100000.0,,-1208500000.0,498500000.0,498500000.0,,,,,,,,,,,,,,,,
,26101432.181971,0.057594,1674600000.0,1229600000.0,500900000.0,654400000.0,2127800000.0,1626900000.0,802501432.181971,1229600000.0,1381000000.0,1080100000.0,468418000.0,467337000.0,2.62,2.63,1229600000.0,1229600000.0,1229600000.0,1230500000.0,1230500000.0,75200000.0,1305700000.0,428200000.0,-25000000.0,1166600000.0,726600000.0,,243100000.0,1893200000.0,654400000.0,2547600000.0,2547600000.0,453200000.0,453200000.0,-289100000.0,321200000.0,32100000.0,,,-900000.0,-86500000.0,,-289100000.0,321200000.0,32100000.0,,539700000.0,,,,AMT,2024-12-31 00:00:00,,,,-17400000.0,,0.0,500900000.0,500900000.0,,,,,,,,,,,,,,,,
,-66720100.0,0.193,1781000000.0,488700000.0,492500000.0,634500000.0,1435300000.0,942800000.0,767679900.0,488700000.0,1308700000.0,1254100000.0,468519000.0,467640000.0,1.04,1.05,488700000.0,488700000.0,488700000.0,498600000.0,498600000.0,118900000.0,617500000.0,-338200000.0,7500000.0,1254100000.0,674200000.0,,237500000.0,1928300000.0,634500000.0,2562800000.0,2562800000.0,-345700000.0,-345700000.0,-298400000.0,325300000.0,26900000.0,,,-9900000.0,,,-298400000.0,325300000.0,26900000.0,,-345700000.0,,,,AMT,2025-03-31 00:00:00,,,,-55800000.0,,0.0,492500000.0,492500000.0,,,,,,,,,,,,,,,,
,-124388000.0,0.257,1848700000.0,366800000.0,510300000.0,688700000.0,1364700000.0,854400000.0,726631965.611567,366800000.0,1429200000.0,1197700000.0,468791000.0,468178000.0,0.78,0.78,366800000.0,366800000.0,366800000.0,380500000.0,380500000.0,131300000.0,511800000.0,-373900000.0,110100000.0,1197700000.0,740500000.0,,233700000.0,1938200000.0,688700000.0,2626900000.0,2626900000.0,-484000000.0,-484000000.0,-312000000.0,342600000.0,30600000.0,,,-13700000.0,,,-312000000.0,342600000.0,30600000.0,,-484000000.0,,,,AMT,2025-06-30 00:00:00,,,,-3500000.0,,0.0,510300000.0,510300000.0,,,,,,,,,,,,,,,,
,-1974700.0,0.091,1793400000.0,761800000.0,561700000.0,608200000.0,1771700000.0,1210000000.0,781525300.0,900300000.0,1388500000.0,1156200000.0,467781000.0,467038000.0,1.92,1.93,900300000.0,900300000.0,900300000.0,908400000.0,769900000.0,77400000.0,847300000.0,19400000.0,41100000.0,1156200000.0,739200000.0,,218300000.0,1895400000.0,649300000.0,2544700000.0,2544700000.0,-21700000.0,-21700000.0,-328300000.0,362700000.0,34400000.0,,,-8100000.0,0.0,,-328300000.0,362700000.0,34400000.0,,-21700000.0,,,,AMT,2024-06-30 00:00:00,,,,300000.0,,138500000.0,520600000.0,520600000.0,,,,,,,,,,,,,,,,
,-74902800.0,0.222,1757500000.0,416200000.0,512800000.0,637500000.0,1420100000.0,907300000.0,678697200.0,-792300000.0,1383100000.0,1139200000.0,468261000.0,467196000.0,-1.7,-1.7,-792300000.0,-792300000.0,-792300000.0,-780400000.0,428100000.0,122400000.0,550500000.0,-269600000.0,67800000.0,1139200000.0,731300000.0,,227700000.0,1870500000.0,651800000.0,2522300000.0,2522300000.0,-337400000.0,-337400000.0,-319100000.0,356800000.0,37700000.0,,,-11900000.0,0.0,,-319100000.0,356800000.0,37700000.0,,-337400000.0,,,,AMT,2024-09-30 00:00:00,,,,5100000.0,,-1208500000.0,498500000.0,498500000.0,,,,,,,,,,,,,,,,
,26101432.181971,0.057594,1674600000.0,1229600000.0,500900000.0,654400000.0,2127800000.0,1626900000.0,802501432.181971,1229600000.0,1381000000.0,1080100000.0,468418000.0,467337000.0,2.62,2.63,1229600000.0,1229600000.0,1229600000.0,1230500000.0,1230500000.0,75200000.0,1305700000.0,428200000.0,-25000000.0,1166600000.0,726600000.0,,243100000.0,1893200000.0,654400000.0,2547600000.0,2547600000.0,453200000.0,453200000.0,-289100000.0,321200000.0,32100000.0,,,-900000.0,-86500000.0,,-289100000.0,321200000.0,32100000.0,,539700000.0,,,,AMT,2024-12-31 00:00:00,,,,-17400000.0,,0.0,500900000.0,500900000.0,,,,,,,,,,,,,,,,
,-66720100.0,0.193,1781000000.0,488700000.0,492500000.0,634500000.0,1435300000.0,942800000.0,767679900.0,488700000.0,1308700000.0,1254100000.0,468519000.0,467640000.0,1.04,1.05,488700000.0,488700000.0,488700000.0,498600000.0,498600000.0,118900000.0,617500000.0,-338200000.0,7500000.0,1254100000.0,674200000.0,,237500000.0,1928300000.0,634500000.0,2562800000.0,2562800000.0,-345700000.0,-345700000.0,-298400000.0,325300000.0,26900000.0,,,-9900000.0,,,-298400000.0,325300000.0,26900000.0,,-345700000.0,,,,AMT,2025-03-31 00:00:00,,,,-55800000.0,,0.0,492500000.0,492500000.0,,,,,,,,,,,,,,,,
,-124388000.0,0.257,1848700000.0,366800000.0,510300000.0,688700000.0,1364700000.0,854400000.0,726631965.611567,366800000.0,1429200000.0,1197700000.0,468791000.0,468178000.0,0.78,0.78,366800000.0,366800000.0,366800000.0,380500000.0,380500000.0,131300000.0,511800000.0,-373900000.0,110100000.0,1197700000.0,740500000.0,,233700000.0,1938200000.0,688700000.0,2626900000.0,2626900000.0,-484000000.0,-484000000.0,-312000000.0,342600000.0,30600000.0,,,-13700000.0,,,-312000000.0,342600000.0,30600000.0,,-484000000.0,,,,AMT,2025-06-30 00:00:00,,,,-3500000.0,,0.0,510300000.0,510300000.0,,,,,,,,,,,,,,,,
,4172646.769433,0.115907,27836000000.0,13485000000.0,12038000000.0,73785000000.0,27872000000.0,15834000000.0,13453172646.769432,13485000000.0,133305000000.0,14672000000.0,10708000000.0,10447000000.0,1.26,1.29,13485000000.0,13485000000.0,13485000000.0,13485000000.0,13485000000.0,1767000000.0,15245000000.0,-18000000.0,-54000000.0,14672000000.0,59520000000.0,,13553000000.0,74192000000.0,73785000000.0,147977000000.0,147977000000.0,36000000.0,36000000.0,591000000.0,589000000.0,1180000000.0,,,,,,591000000.0,589000000.0,1180000000.0,,36000000.0,10512000000.0,3041000000.0,3041000000.0,AMZN,2024-06-30 00:00:00,,,7000000.0,45967000000.0,,,,,,,,,,,,,,,,,,,,
,-2700449.076897,0.150025,32100000000.0,15328000000.0,13442000000.0,80977000000.0,32082000000.0,18640000000.0,15343299550.923103,15328000000.0,141466000000.0,17411000000.0,10735000000.0,10501000000.0,1.43,1.46,15328000000.0,15328000000.0,15328000000.0,15328000000.0,15328000000.0,2706000000.0,18037000000.0,-27000000.0,-9000000.0,17411000000.0,60489000000.0,,13322000000.0,77900000000.0,80977000000.0,158877000000.0,158877000000.0,-18000000.0,-18000000.0,653000000.0,603000000.0,1256000000.0,,,,,,653000000.0,603000000.0,1256000000.0,,-18000000.0,10609000000.0,2713000000.0,2713000000.0,AMZN,2024-09-30 00:00:00,,,-3000000.0,47167000000.0,,,,,,,,,,,,,,,,,,,,
,59714081.166943,0.104032,37976000000.0,20004000000.0,15631000000.0,98893000000.0,38550000000.0,22919000000.0,19489714081.166943,20004000000.0,166589000000.0,21203000000.0,10771000000.0,10552000000.0,1.86,1.9,20004000000.0,20004000000.0,20004000000.0,20004000000.0,20004000000.0,2325000000.0,22349000000.0,468000000.0,-106000000.0,21203000000.0,67696000000.0,,15987000000.0,88899000000.0,98893000000.0,187792000000.0,187792000000.0,574000000.0,574000000.0,678000000.0,570000000.0,1248000000.0,,,,,,678000000.0,570000000.0,1248000000.0,,574000000.0,13124000000.0,2863000000.0,2863000000.0,AMZN,2024-12-31 00:00:00,,,-20000000.0,51709000000.0,,,,,,,,,,,,,,,,,,,,
,584272614.050464,0.210019,33700000000.0,17127000000.0,14262000000.0,76976000000.0,36482000000.0,22220000000.0,14929272614.050465,17127000000.0,137262000000.0,18405000000.0,10793000000.0,10603000000.0,1.59,1.62,17127000000.0,17127000000.0,17127000000.0,17127000000.0,17127000000.0,4553000000.0,21679000000.0,2749000000.0,-33000000.0,18405000000.0,60286000000.0,,12391000000.0,78691000000.0,76976000000.0,155667000000.0,155667000000.0,2782000000.0,2782000000.0,525000000.0,541000000.0,1066000000.0,,,,,,525000000.0,541000000.0,1066000000.0,,2782000000.0,9763000000.0,2628000000.0,2628000000.0,AMZN,2025-03-31 00:00:00,,,1000000.0,47895000000.0,,,,,,,,,,,,,,,,,,,,
,143677518.339167,0.128398,35481000000.0,18164000000.0,15227000000.0,80809000000.0,36600000000.0,21373000000.0,17188677518.33917,18164000000.0,148531000000.0,19171000000.0,10806000000.0,10637000000.0,1.68,1.71,18164000000.0,18164000000.0,18164000000.0,18164000000.0,18164000000.0,2678000000.0,20857000000.0,1117000000.0,-2000000.0,19171000000.0,67722000000.0,,14381000000.0,86893000000.0,80809000000.0,167702000000.0,167702000000.0,1119000000.0,1119000000.0,569000000.0,516000000.0,1085000000.0,,,,,,569000000.0,516000000.0,1085000000.0,,1119000000.0,11416000000.0,2965000000.0,2965000000.0,AMZN,2025-06-30 00:00:00,,,-15000000.0,53341000000.0,,,,,,,,,,,,,,,,,,,,
,4172646.769433,0.115907,27836000000.0,13485000000.0,12038000000.0,73785000000.0,27872000000.0,15834000000.0,13453172646.769432,13485000000.0,133305000000.0,14672000000.0,10708000000.0,10447000000.0,1.26,1.29,13485000000.0,13485000000.0,13485000000.0,13485000000.0,13485000000.0,1767000000.0,15245000000.0,-18000000.0,-54000000.0,14672000000.0,59520000000.0,,13553000000.0,74192000000.0,73785000000.0,147977000000.0,147977000000.0,36000000.0,36000000.0,591000000.0,589000000.0,1180000000.0,,,,,,591000000.0,589000000.0,1180000000.0,,36000000.0,10512000000.0,3041000000.0,3041000000.0,AMZN,2024-06-30 00:00:00,,,7000000.0,45967000000.0,,,,,,,,,,,,,,,,,,,,
,-2700449.076897,0.150025,32100000000.0,15328000000.0,13442000000.0,80977000000.0,32082000000.0,18640000000.0,15343299550.923103,15328000000.0,141466000000.0,17411000000.0,10735000000.0,10501000000.0,1.43,1.46,15328000000.0,15328000000.0,15328000000.0,15328000000.0,15328000000.0,2706000000.0,18037000000.0,-27000000.0,-9000000.0,17411000000.0,60489000000.0,,13322000000.0,77900000000.0,80977000000.0,158877000000.0,158877000000.0,-18000000.0,-18000000.0,653000000.0,603000000.0,1256000000.0,,,,,,653000000.0,603000000.0,1256000000.0,,-18000000.0,10609000000.0,2713000000.0,2713000000.0,AMZN,2024-09-30 00:00:00,,,-3000000.0,47167000000.0,,,,,,,,,,,,,,,,,,,,
,59714081.166943,0.104032,37976000000.0,20004000000.0,15631000000.0,98893000000.0,38550000000.0,22919000000.0,19489714081.166943,20004000000.0,166589000000.0,21203000000.0,10771000000.0,10552000000.0,1.86,1.9,20004000000.0,20004000000.0,20004000000.0,20004000000.0,20004000000.0,2325000000.0,22349000000.0,468000000.0,-106000000.0,21203000000.0,67696000000.0,,15987000000.0,88899000000.0,98893000000.0,187792000000.0,187792000000.0,574000000.0,574000000.0,678000000.0,570000000.0,1248000000.0,,,,,,678000000.0,570000000.0,1248000000.0,,574000000.0,13124000000.0,2863000000.0,2863000000.0,AMZN,2024-12-31 00:00:00,,,-20000000.0,51709000000.0,,,,,,,,,,,,,,,,,,,,
,584272614.050464,0.210019,33700000000.0,17127000000.0,14262000000.0,76976000000.0,36482000000.0,22220000000.0,14929272614.050465,17127000000.0,137262000000.0,18405000000.0,10793000000.0,10603000000.0,1.59,1.62,17127000000.0,17127000000.0,17127000000.0,17127000000.0,17127000000.0,4553000000.0,21679000000.0,2749000000.0,-33000000.0,18405000000.0,60286000000.0,,12391000000.0,78691000000.0,76976000000.0,155667000000.0,155667000000.0,2782000000.0,2782000000.0,525000000.0,541000000.0,1066000000.0,,,,,,525000000.0,541000000.0,1066000000.0,,2782000000.0,9763000000.0,2628000000.0,2628000000.0,AMZN,2025-03-31 00:00:00,,,1000000.0,47895000000.0,,,,,,,,,,,,,,,,,,,,
,143677518.339167,0.128398,35481000000.0,18164000000.0,15227000000.0,80809000000.0,36600000000.0,21373000000.0,17188677518.33917,18164000000.0,148531000000.0,19171000000.0,10806000000.0,10637000000.0,1.68,1.71,18164000000.0,18164000000.0,18164000000.0,18164000000.0,18164000000.0,2678000000.0,20857000000.0,1117000000.0,-2000000.0,19171000000.0,67722000000.0,,14381000000.0,86893000000.0,80809000000.0,167702000000.0,167702000000.0,1119000000.0,1119000000.0,569000000.0,516000000.0,1085000000.0,,,,,,569000000.0,516000000.0,1085000000.0,,1119000000.0,11416000000.0,2965000000.0,2965000000.0,AMZN,2025-06-30 00:00:00,,,-15000000.0,53341000000.0,,,,,,,,,,,,,,,,,,,,
,-63630000.0,0.21,6697000000.0,-1432000000.0,2524000000.0,3004000000.0,6394000000.0,3870000000.0,-1192630000.0,-1875000000.0,8981000000.0,3788000000.0,4663000000.0,4663000000.0,-0.4,-0.4,-1875000000.0,-1875000000.0,-1875000000.0,-1875000000.0,-1432000000.0,4238000000.0,2806000000.0,-221000000.0,82000000.0,4091000000.0,4265000000.0,2353000000.0,1100000000.0,8356000000.0,4716000000.0,13072000000.0,13072000000.0,-303000000.0,-303000000.0,-1064000000.0,1064000000.0,,,,,-303000000.0,303000000.0,-1064000000.0,1064000000.0,,,,,,,AVGO,2024-07-31 00:00:00,,,,,,-443000000.0,812000000.0,812000000.0,812000000.0,812000000.0,,,,,,,,,,,,,,
,-69300000.0,0.21,7620000000.0,4205000000.0,2611000000.0,3254000000.0,7290000000.0,4679000000.0,4465700000.0,4324000000.0,9109000000.0,4627000000.0,4828000000.0,4679000000.0,0.9,0.92,4324000000.0,4324000000.0,4324000000.0,4324000000.0,4205000000.0,-442000000.0,3763000000.0,-727000000.0,-397000000.0,4945000000.0,4057000000.0,2234000000.0,1010000000.0,9002000000.0,5052000000.0,14054000000.0,14054000000.0,-330000000.0,-330000000.0,-455000000.0,916000000.0,,,,,-318000000.0,318000000.0,-455000000.0,916000000.0,,,,,,,AVGO,2024-10-31 00:00:00,,,,,,119000000.0,813000000.0,813000000.0,813000000.0,813000000.0,,,,,,,,,,,,,,
,-36120000.0,0.21,8709000000.0,5503000000.0,2174000000.0,3108000000.0,8537000000.0,6363000000.0,5638880000.0,5503000000.0,8484000000.0,6260000000.0,4836000000.0,4695000000.0,1.14,1.17,5503000000.0,5503000000.0,5503000000.0,5503000000.0,5503000000.0,-13000000.0,5490000000.0,-69000000.0,103000000.0,6432000000.0,3713000000.0,2253000000.0,949000000.0,10145000000.0,4771000000.0,14916000000.0,14916000000.0,-172000000.0,-172000000.0,-873000000.0,873000000.0,,,,,-172000000.0,172000000.0,-873000000.0,873000000.0,,,,,,,AVGO,2025-01-31 00:00:00,,,,,,0.0,511000000.0,511000000.0,511000000.0,511000000.0,,,,,,,,,,,,,,
,-2029498.525074,0.023599,8106000000.0,4965000000.0,2166000000.0,3147000000.0,8020000000.0,5854000000.0,5048970501.474926,4965000000.0,9089000000.0,5829000000.0,4826000000.0,4707000000.0,1.03,1.05,4965000000.0,4965000000.0,4965000000.0,4965000000.0,4965000000.0,120000000.0,5085000000.0,-61000000.0,25000000.0,5915000000.0,4282000000.0,2693000000.0,1083000000.0,10197000000.0,4807000000.0,15004000000.0,15004000000.0,-86000000.0,-86000000.0,-769000000.0,769000000.0,,,,,-86000000.0,86000000.0,-769000000.0,769000000.0,,,,,,,AVGO,2025-04-30 00:00:00,,,,,,0.0,506000000.0,506000000.0,506000000.0,506000000.0,,,,,,,,,,,,,,
,-40513718.070009,0.216651,8481000000.0,4140000000.0,2202000000.0,3554000000.0,8294000000.0,6092000000.0,4286486281.929991,4140000000.0,9878000000.0,5887000000.0,4860000000.0,4714000000.0,0.85,0.88,4140000000.0,4140000000.0,4140000000.0,4140000000.0,4140000000.0,1145000000.0,5285000000.0,18000000.0,205000000.0,6074000000.0,4629000000.0,3050000000.0,1072000000.0,10703000000.0,5249000000.0,15952000000.0,15952000000.0,-187000000.0,-187000000.0,-807000000.0,807000000.0,,,,,-187000000.0,187000000.0,-807000000.0,807000000.0,,,,,,,AVGO,2025-07-31 00:00:00,,,,,,0.0,507000000.0,507000000.0,507000000.0,507000000.0,,,,,,,,,,,,,,
,-63630000.0,0.21,6697000000.0,-1432000000.0,2524000000.0,3004000000.0,6394000000.0,3870000000.0,-1192630000.0,-1875000000.0,8981000000.0,3788000000.0,4663000000.0,4663000000.0,-0.4,-0.4,-1875000000.0,-1875000000.0,-1875000000.0,-1875000000.0,-1432000000.0,4238000000.0,2806000000.0,-221000000.0,82000000.0,4091000000.0,4265000000.0,2353000000.0,1100000000.0,8356000000.0,4716000000.0,13072000000.0,13072000000.0,-303000000.0,-303000000.0,-1064000000.0,1064000000.0,,,,,-303000000.0,303000000.0,-1064000000.0,1064000000.0,,,,,,,AVGO,2024-07-31 00:00:00,,,,,,-443000000.0,812000000.0,812000000.0,812000000.0,812000000.0,,,,,,,,,,,,,,
,-69300000.0,0.21,7620000000.0,4205000000.0,2611000000.0,3254000000.0,7290000000.0,4679000000.0,4465700000.0,4324000000.0,9109000000.0,4627000000.0,4828000000.0,4679000000.0,0.9,0.92,4324000000.0,4324000000.0,4324000000.0,4324000000.0,4205000000.0,-442000000.0,3763000000.0,-727000000.0,-397000000.0,4945000000.0,4057000000.0,2234000000.0,1010000000.0,9002000000.0,5052000000.0,14054000000.0,14054000000.0,-330000000.0,-330000000.0,-455000000.0,916000000.0,,,,,-318000000.0,318000000.0,-455000000.0,916000000.0,,,,,,,AVGO,2024-10-31 00:00:00,,,,,,119000000.0,813000000.0,813000000.0,813000000.0,813000000.0,,,,,,,,,,,,,,
,-36120000.0,0.21,8709000000.0,5503000000.0,2174000000.0,3108000000.0,8537000000.0,6363000000.0,5638880000.0,5503000000.0,8484000000.0,6260000000.0,4836000000.0,4695000000.0,1.14,1.17,5503000000.0,5503000000.0,5503000000.0,5503000000.0,5503000000.0,-13000000.0,5490000000.0,-69000000.0,103000000.0,6432000000.0,3713000000.0,2253000000.0,949000000.0,10145000000.0,4771000000.0,14916000000.0,14916000000.0,-172000000.0,-172000000.0,-873000000.0,873000000.0,,,,,-172000000.0,172000000.0,-873000000.0,873000000.0,,,,,,,AVGO,2025-01-31 00:00:00,,,,,,0.0,511000000.0,511000000.0,511000000.0,511000000.0,,,,,,,,,,,,,,
,-2029498.525074,0.023599,8106000000.0,4965000000.0,2166000000.0,3147000000.0,8020000000.0,5854000000.0,5048970501.474926,4965000000.0,9089000000.0,5829000000.0,4826000000.0,4707000000.0,1.03,1.05,4965000000.0,4965000000.0,4965000000.0,4965000000.0,4965000000.0,120000000.0,5085000000.0,-61000000.0,25000000.0,5915000000.0,4282000000.0,2693000000.0,1083000000.0,10197000000.0,4807000000.0,15004000000.0,15004000000.0,-86000000.0,-86000000.0,-769000000.0,769000000.0,,,,,-86000000.0,86000000.0,-769000000.0,769000000.0,,,,,,,AVGO,2025-04-30 00:00:00,,,,,,0.0,506000000.0,506000000.0,506000000.0,506000000.0,,,,,,,,,,,,,,
,-40513718.070009,0.216651,8481000000.0,4140000000.0,2202000000.0,3554000000.0,8294000000.0,6092000000.0,4286486281.929991,4140000000.0,9878000000.0,5887000000.0,4860000000.0,4714000000.0,0.85,0.88,4140000000.0,4140000000.0,4140000000.0,4140000000.0,4140000000.0,1145000000.0,5285000000.0,18000000.0,205000000.0,6074000000.0,4629000000.0,3050000000.0,1072000000.0,10703000000.0,5249000000.0,15952000000.0,15952000000.0,-187000000.0,-187000000.0,-807000000.0,807000000.0,,,,,-187000000.0,187000000.0,-807000000.0,807000000.0,,,,,,,AVGO,2025-07-31 00:00:00,,,,,,0.0,507000000.0,507000000.0,507000000.0,507000000.0,,,,,,,,,,,,,,
,811.271541,0.202818,123921000.0,72972000.0,21608000.0,513196000.0,123925000.0,102317000.0,72968812.0,72972000.0,594247000.0,98806000.0,91801539.0,91564263.0,0.79,0.8,72972000.0,72972000.0,72972000.0,73045000.0,73045000.0,18584000.0,91629000.0,14559000.0,2971000.0,87218000.0,81051000.0,1271000.0,79780000.0,168269000.0,513196000.0,681465000.0,681465000.0,4000.0,4000.0,-10148000.0,10688000.0,540000.0,,,-73000.0,4000.0,,-10148000.0,10688000.0,540000.0,,,,,,BWXT,2024-06-30 00:00:00,,11584000.0,,,,,,,,,,,,,,,,,,4000.0,,,,
,0.0,0.232,121800000.0,69483000.0,21269000.0,508000000.0,121800000.0,100531000.0,69483000.0,69483000.0,590910000.0,96578000.0,91886710.0,91574531.0,0.76,0.76,69483000.0,69483000.0,69483000.0,69641000.0,69641000.0,20983000.0,90624000.0,18822000.0,3290000.0,81046000.0,82910000.0,2081000.0,80829000.0,163956000.0,508000000.0,671956000.0,671956000.0,0.0,0.0,-9244000.0,9907000.0,663000.0,,,-158000.0,0.0,,-9244000.0,9907000.0,663000.0,,,,,,BWXT,2024-09-30 00:00:00,,15532000.0,,,,,,,,,,,,,,,,,,0.0,,,,
,-394554.078627,0.089794,114202000.0,71018000.0,22433000.0,571894000.0,109808000.0,87375000.0,75017445.921373,71018000.0,665223000.0,92262000.0,91889756.0,91596519.0,0.77,0.78,71018000.0,71018000.0,71018000.0,71078000.0,71078000.0,7012000.0,78090000.0,5826000.0,-5392000.0,81044000.0,93329000.0,2636000.0,90693000.0,174373000.0,571894000.0,746267000.0,746267000.0,-4394000.0,-4394000.0,-8780000.0,9285000.0,505000.0,,,-60000.0,-4394000.0,,-8780000.0,9285000.0,505000.0,,,,,,BWXT,2024-12-31 00:00:00,,15612000.0,,,,,,,,,,,,,,,,,,-4394000.0,,,,
,784287.0,0.177,119292000.0,75462000.0,23912000.0,517065000.0,123723000.0,99811000.0,71815287.0,75462000.0,606647000.0,96630000.0,91873702.0,91594084.0,0.82,0.82,75462000.0,75462000.0,75462000.0,75526000.0,75526000.0,16291000.0,91817000.0,23478000.0,2459000.0,75611000.0,89582000.0,2013000.0,87569000.0,165193000.0,517065000.0,682258000.0,682258000.0,4431000.0,4431000.0,-7272000.0,7994000.0,722000.0,,,-64000.0,4431000.0,,-7272000.0,7994000.0,722000.0,,,,,,BWXT,2025-03-31 00:00:00,,16588000.0,,,,,,,,,,,,,,,,,,4431000.0,,,,
,-2561.0,0.197,136772000.0,78388000.0,27259000.0,572642000.0,136759000.0,109500000.0,78398439.0,78388000.0,680147000.0,102424000.0,91702703.0,91542967.0,0.85,0.86,78388000.0,78388000.0,78388000.0,78462000.0,78462000.0,19297000.0,97759000.0,25057000.0,6525000.0,83892000.0,107505000.0,4565000.0,102940000.0,191397000.0,572642000.0,764039000.0,764039000.0,-13000.0,-13000.0,-11190000.0,11741000.0,551000.0,,,-74000.0,-13000.0,,-11190000.0,11741000.0,551000.0,,,,,,BWXT,2025-06-30 00:00:00,,18545000.0,,,,,,,,,,,,,,,,,,-13000.0,,,,
,811.271541,0.202818,123921000.0,72972000.0,21608000.0,513196000.0,123925000.0,102317000.0,72968812.0,72972000.0,594247000.0,98806000.0,91801539.0,91564263.0,0.79,0.8,72972000.0,72972000.0,72972000.0,73045000.0,73045000.0,18584000.0,91629000.0,14559000.0,2971000.0,87218000.0,81051000.0,1271000.0,79780000.0,168269000.0,513196000.0,681465000.0,681465000.0,4000.0,4000.0,-10148000.0,10688000.0,540000.0,,,-73000.0,4000.0,,-10148000.0,10688000.0,540000.0,,,,,,BWXT,2024-06-30 00:00:00,,11584000.0,,,,,,,,,,,,,,,,,,4000.0,,,,
,0.0,0.232,121800000.0,69483000.0,21269000.0,508000000.0,121800000.0,100531000.0,69483000.0,69483000.0,590910000.0,96578000.0,91886710.0,91574531.0,0.76,0.76,69483000.0,69483000.0,69483000.0,69641000.0,69641000.0,20983000.0,90624000.0,18822000.0,3290000.0,81046000.0,82910000.0,2081000.0,80829000.0,163956000.0,508000000.0,671956000.0,671956000.0,0.0,0.0,-9244000.0,9907000.0,663000.0,,,-158000.0,0.0,,-9244000.0,9907000.0,663000.0,,,,,,BWXT,2024-09-30 00:00:00,,15532000.0,,,,,,,,,,,,,,,,,,0.0,,,,
,-394554.078627,0.089794,114202000.0,71018000.0,22433000.0,571894000.0,109808000.0,87375000.0,75017445.921373,71018000.0,665223000.0,92262000.0,91889756.0,91596519.0,0.77,0.78,71018000.0,71018000.0,71018000.0,71078000.0,71078000.0,7012000.0,78090000.0,5826000.0,-5392000.0,81044000.0,93329000.0,2636000.0,90693000.0,174373000.0,571894000.0,746267000.0,746267000.0,-4394000.0,-4394000.0,-8780000.0,9285000.0,505000.0,,,-60000.0,-4394000.0,,-8780000.0,9285000.0,505000.0,,,,,,BWXT,2024-12-31 00:00:00,,15612000.0,,,,,,,,,,,,,,,,,,-4394000.0,,,,
,784287.0,0.177,119292000.0,75462000.0,23912000.0,517065000.0,123723000.0,99811000.0,71815287.0,75462000.0,606647000.0,96630000.0,91873702.0,91594084.0,0.82,0.82,75462000.0,75462000.0,75462000.0,75526000.0,75526000.0,16291000.0,91817000.0,23478000.0,2459000.0,75611000.0,89582000.0,2013000.0,87569000.0,165193000.0,517065000.0,682258000.0,682258000.0,4431000.0,4431000.0,-7272000.0,7994000.0,722000.0,,,-64000.0,4431000.0,,-7272000.0,7994000.0,722000.0,,,,,,BWXT,2025-03-31 00:00:00,,16588000.0,,,,,,,,,,,,,,,,,,4431000.0,,,,
,-2561.0,0.197,136772000.0,78388000.0,27259000.0,572642000.0,136759000.0,109500000.0,78398439.0,78388000.0,680147000.0,102424000.0,91702703.0,91542967.0,0.85,0.86,78388000.0,78388000.0,78388000.0,78462000.0,78462000.0,19297000.0,97759000.0,25057000.0,6525000.0,83892000.0,107505000.0,4565000.0,102940000.0,191397000.0,572642000.0,764039000.0,764039000.0,-13000.0,-13000.0,-11190000.0,11741000.0,551000.0,,,-74000.0,-13000.0,,-11190000.0,11741000.0,551000.0,,,,,,BWXT,2025-06-30 00:00:00,,18545000.0,,,,,,,,,,,,,,,,,,-13000.0,,,,
,,,,,,,,,,,,,,,,,,,,,,,,,,,,,,,,,,,,,,136000000.0,,,,,,,,136000000.0,,,,,,CAT,2024-03-31 00:00:00,,,,,,,,,,,,,,,,,,,,,,,,
,31070000.0,0.239,4038000000.0,2681000000.0,531000000.0,10464000000.0,4168000000.0,3637000000.0,2582070000.0,2681000000.0,13207000000.0,3482000000.0,489500000.0,487200000.0,5.48,5.5,2681000000.0,2681000000.0,2681000000.0,2681000000.0,2681000000.0,836000000.0,3500000000.0,155000000.0,25000000.0,3482000000.0,2743000000.0,535000000.0,1652000000.0,6225000000.0,10464000000.0,16689000000.0,16689000000.0,130000000.0,130000000.0,-137000000.0,137000000.0,118000000.0,,,0.0,,,-137000000.0,137000000.0,118000000.0,,130000000.0,,,,CAT,2024-06-30 00:00:00,,,17000000.0,556000000.0,,,,,,,,,,,,,,,,,,,,
,621000.0,0.207,3763000000.0,2464000000.0,543000000.0,10402000000.0,3766000000.0,3223000000.0,2461621000.0,2464000000.0,12959000000.0,3147000000.0,486700000.0,484200000.0,5.06,5.09,2464000000.0,2464000000.0,2464000000.0,2463000000.0,2463000000.0,642000000.0,3098000000.0,76000000.0,73000000.0,3147000000.0,2557000000.0,533000000.0,1669000000.0,5704000000.0,10402000000.0,16106000000.0,16106000000.0,3000000.0,3000000.0,-125000000.0,125000000.0,108000000.0,,,1000000.0,,,-125000000.0,125000000.0,108000000.0,,3000000.0,,,,CAT,2024-09-30 00:00:00,,,7000000.0,355000000.0,,,,,,,,,,,,,,,,,,,,
,37691026.827012,0.142769,3641000000.0,2791000000.0,555000000.0,10659000000.0,3905000000.0,3350000000.0,2564691026.827012,2791000000.0,13291000000.0,2924000000.0,482600000.0,480000000.0,5.78,5.81,2791000000.0,2791000000.0,2791000000.0,2790000000.0,2790000000.0,463000000.0,3243000000.0,426000000.0,162000000.0,2924000000.0,2632000000.0,519000000.0,1769000000.0,5556000000.0,10659000000.0,16215000000.0,16215000000.0,264000000.0,264000000.0,-107000000.0,107000000.0,120000000.0,,,1000000.0,,,-107000000.0,107000000.0,120000000.0,,264000000.0,,,,CAT,2024-12-31 00:00:00,,,10000000.0,344000000.0,,,,,,,,,,,,,,,,,,,,
,18732000.0,0.223,3142000000.0,2003000000.0,540000000.0,9291000000.0,3226000000.0,2686000000.0,1937732000.0,2003000000.0,11670000000.0,2579000000.0,477100000.0,474900000.0,4.2,4.22,2003000000.0,2003000000.0,2003000000.0,2003000000.0,2003000000.0,574000000.0,2570000000.0,107000000.0,23000000.0,2579000000.0,2379000000.0,480000000.0,1593000000.0,4958000000.0,9291000000.0,14249000000.0,14249000000.0,84000000.0,84000000.0,-116000000.0,116000000.0,,,,0.0,,,-116000000.0,116000000.0,,,84000000.0,,,,CAT,2025-03-31 00:00:00,,,7000000.0,306000000.0,,,,,,,,,,,,,,,,,,,,
,-3680000.0,0.23,3514000000.0,2179000000.0,554000000.0,11143000000.0,3498000000.0,2944000000.0,2191320000.0,2179000000.0,13709000000.0,2860000000.0,471500000.0,469700000.0,4.62,4.64,2179000000.0,2179000000.0,2179000000.0,2179000000.0,2179000000.0,646000000.0,2818000000.0,84000000.0,100000000.0,2860000000.0,2566000000.0,551000000.0,1694000000.0,5426000000.0,11143000000.0,16569000000.0,16569000000.0,-16000000.0,-16000000.0,-126000000.0,126000000.0,,,,0.0,,,-126000000.0,126000000.0,,,-16000000.0,,,,CAT,2025-06-30 00:00:00,,,7000000.0,321000000.0,,,,,,,,,,,,,,,,,,,,
,,,,,,,,,,,,,,,,,,,,,,,,,,,,,,,,,,,,,,136000000.0,,,,,,,,136000000.0,,,,,,CAT,2024-03-31 00:00:00,,,,,,,,,,,,,,,,,,,,,,,,
,31070000.0,0.239,4038000000.0,2681000000.0,531000000.0,10464000000.0,4168000000.0,3637000000.0,2582070000.0,2681000000.0,13207000000.0,3482000000.0,489500000.0,487200000.0,5.48,5.5,2681000000.0,2681000000.0,2681000000.0,2681000000.0,2681000000.0,836000000.0,3500000000.0,155000000.0,25000000.0,3482000000.0,2743000000.0,535000000.0,1652000000.0,6225000000.0,10464000000.0,16689000000.0,16689000000.0,130000000.0,130000000.0,-137000000.0,137000000.0,118000000.0,,,0.0,,,-137000000.0,137000000.0,118000000.0,,130000000.0,,,,CAT,2024-06-30 00:00:00,,,17000000.0,556000000.0,,,,,,,,,,,,,,,,,,,,
,621000.0,0.207,3763000000.0,2464000000.0,543000000.0,10402000000.0,3766000000.0,3223000000.0,2461621000.0,2464000000.0,12959000000.0,3147000000.0,486700000.0,484200000.0,5.06,5.09,2464000000.0,2464000000.0,2464000000.0,2463000000.0,2463000000.0,642000000.0,3098000000.0,76000000.0,73000000.0,3147000000.0,2557000000.0,533000000.0,1669000000.0,5704000000.0,10402000000.0,16106000000.0,16106000000.0,3000000.0,3000000.0,-125000000.0,125000000.0,108000000.0,,,1000000.0,,,-125000000.0,125000000.0,108000000.0,,3000000.0,,,,CAT,2024-09-30 00:00:00,,,7000000.0,355000000.0,,,,,,,,,,,,,,,,,,,,
,37691026.827012,0.142769,3641000000.0,2791000000.0,555000000.0,10659000000.0,3905000000.0,3350000000.0,2564691026.827012,2791000000.0,13291000000.0,2924000000.0,482600000.0,480000000.0,5.78,5.81,2791000000.0,2791000000.0,2791000000.0,2790000000.0,2790000000.0,463000000.0,3243000000.0,426000000.0,162000000.0,2924000000.0,2632000000.0,519000000.0,1769000000.0,5556000000.0,10659000000.0,16215000000.0,16215000000.0,264000000.0,264000000.0,-107000000.0,107000000.0,120000000.0,,,1000000.0,,,-107000000.0,107000000.0,120000000.0,,264000000.0,,,,CAT,2024-12-31 00:00:00,,,10000000.0,344000000.0,,,,,,,,,,,,,,,,,,,,
,18732000.0,0.223,3142000000.0,2003000000.0,540000000.0,9291000000.0,3226000000.0,2686000000.0,1937732000.0,2003000000.0,11670000000.0,2579000000.0,477100000.0,474900000.0,4.2,4.22,2003000000.0,2003000000.0,2003000000.0,2003000000.0,2003000000.0,574000000.0,2570000000.0,107000000.0,23000000.0,2579000000.0,2379000000.0,480000000.0,1593000000.0,4958000000.0,9291000000.0,14249000000.0,14249000000.0,84000000.0,84000000.0,-116000000.0,116000000.0,,,,0.0,,,-116000000.0,116000000.0,,,84000000.0,,,,CAT,2025-03-31 00:00:00,,,7000000.0,306000000.0,,,,,,,,,,,,,,,,,,,,
,-3680000.0,0.23,3514000000.0,2179000000.0,554000000.0,11143000000.0,3498000000.0,2944000000.0,2191320000.0,2179000000.0,13709000000.0,2860000000.0,471500000.0,469700000.0,4.62,4.64,2179000000.0,2179000000.0,2179000000.0,2179000000.0,2179000000.0,646000000.0,2818000000.0,84000000.0,100000000.0,2860000000.0,2566000000.0,551000000.0,1694000000.0,5426000000.0,11143000000.0,16569000000.0,16569000000.0,-16000000.0,-16000000.0,-126000000.0,126000000.0,,,,0.0,,,-126000000.0,126000000.0,,,-16000000.0,,,,CAT,2025-06-30 00:00:00,,,7000000.0,321000000.0,,,,,,,,,,,,,,,,,,,,
,,,,,,,,,,,,,434185000.0,434185000.0,-0.02,-0.02,,,,,,,,,,,,,,,,,,,,,,,,,,,,,,,,,,,,CCJ,2024-03-31 00:00:00,,,,,,,,,,,,,,,,,,,,,,,,
,-4520010.364229,0.33358,168115000.0,36010000.0,61858000.0,423138000.0,154565000.0,92707000.0,45039989.635771,36010000.0,496417000.0,101999000.0,434875000.0,434875000.0,0.08,0.08,36010000.0,36010000.0,36010000.0,36008000.0,36008000.0,18024000.0,54032000.0,-12513000.0,1000.0,102041000.0,73279000.0,7879000.0,65705000.0,175320000.0,423138000.0,598458000.0,598458000.0,-13550000.0,-13550000.0,-35496000.0,38675000.0,7887000.0,,,2000.0,-42000.0,,-35496000.0,38675000.0,7887000.0,,-13508000.0,,65705000.0,65705000.0,CCJ,2024-06-30 00:00:00,,1037000.0,,-305000.0,4708000.0,,,,,,,,,,,,,,,-42000.0,,,,
,932550.0,0.15,140763000.0,7427000.0,71130000.0,549754000.0,146980000.0,75850000.0,2142550.0,7427000.0,619612000.0,100340000.0,435474000.0,435181000.0,0.02,0.02,7427000.0,7427000.0,7427000.0,7426000.0,7426000.0,38032000.0,45458000.0,-24359000.0,66000.0,100984000.0,69858000.0,8927000.0,50915000.0,170842000.0,549754000.0,720596000.0,720596000.0,6217000.0,6217000.0,-31167000.0,30392000.0,3954000.0,,,1000.0,-644000.0,,-31167000.0,30392000.0,3954000.0,,6861000.0,,50915000.0,50915000.0,CCJ,2024-09-30 00:00:00,,-30642000.0,,10016000.0,4729000.0,,,,,,,,,,,,,,,-644000.0,,,,
,-12937950.0,0.15,350079000.0,135473000.0,104547000.0,933573000.0,263826000.0,159279000.0,208788050.0,135473000.0,1002153000.0,181034000.0,,,,,135473000.0,135473000.0,135473000.0,135469000.0,135469000.0,-2142000.0,133327000.0,-20235000.0,911000.0,181020000.0,68580000.0,10414000.0,76722000.0,249600000.0,933573000.0,1183173000.0,1183173000.0,-86253000.0,-86253000.0,-27458000.0,25952000.0,3065000.0,,,4000.0,14000.0,,-27458000.0,25952000.0,3065000.0,,-86267000.0,,76722000.0,76722000.0,CCJ,2024-12-31 00:00:00,,65107000.0,,-18556000.0,4571000.0,,,,,,,,,,,,,,,14000.0,,,,
,-1802400.0,0.15,221248000.0,69764000.0,60602000.0,519295000.0,209232000.0,148630000.0,79977600.0,69764000.0,601404000.0,185811000.0,435514000.0,435312000.0,0.16,0.16,69764000.0,69764000.0,69764000.0,69752000.0,69752000.0,53405000.0,123157000.0,-38462000.0,404000.0,188028000.0,82109000.0,13982000.0,58820000.0,270137000.0,519295000.0,789432000.0,789432000.0,-12016000.0,-12016000.0,-26409000.0,25473000.0,3689000.0,,,12000.0,-2217000.0,,-26409000.0,25473000.0,3689000.0,,-9799000.0,,58820000.0,58820000.0,CCJ,2025-03-31 00:00:00,,-26850000.0,,9307000.0,4625000.0,,,,,,,,,,,,,,,-2217000.0,,,,
,10658669.553792,0.181353,442057000.0,320888000.0,86472000.0,619926000.0,500830000.0,414358000.0,272773669.553792,320888000.0,711052000.0,165951000.0,435331000.0,435331000.0,0.74,0.74,320888000.0,320888000.0,320888000.0,320885000.0,320885000.0,71085000.0,391970000.0,247576000.0,382000.0,165964000.0,91126000.0,-708000.0,96436000.0,257090000.0,619926000.0,877016000.0,877016000.0,58773000.0,58773000.0,-21570000.0,22388000.0,5407000.0,,,3000.0,-13000.0,,-21570000.0,22388000.0,5407000.0,,58786000.0,,96436000.0,96436000.0,CCJ,2025-06-30 00:00:00,,188421000.0,,-4602000.0,4589000.0,,,,,,,,,,,,,,,-13000.0,,,,
,,,,,,,,,,,,,434185000.0,434185000.0,-0.02,-0.02,,,,,,,,,,,,,,,,,,,,,,,,,,,,,,,,,,,,CCJ,2024-03-31 00:00:00,,,,,,,,,,,,,,,,,,,,,,,,
,-4520010.364229,0.33358,168115000.0,36010000.0,61858000.0,423138000.0,154565000.0,92707000.0,45039989.635771,36010000.0,496417000.0,101999000.0,434875000.0,434875000.0,0.08,0.08,36010000.0,36010000.0,36010000.0,36008000.0,36008000.0,18024000.0,54032000.0,-12513000.0,1000.0,102041000.0,73279000.0,7879000.0,65705000.0,175320000.0,423138000.0,598458000.0,598458000.0,-13550000.0,-13550000.0,-35496000.0,38675000.0,7887000.0,,,2000.0,-42000.0,,-35496000.0,38675000.0,7887000.0,,-13508000.0,,65705000.0,65705000.0,CCJ,2024-06-30 00:00:00,,1037000.0,,-305000.0,4708000.0,,,,,,,,,,,,,,,-42000.0,,,,
,932550.0,0.15,140763000.0,7427000.0,71130000.0,549754000.0,146980000.0,75850000.0,2142550.0,7427000.0,619612000.0,100340000.0,435474000.0,435181000.0,0.02,0.02,7427000.0,7427000.0,7427000.0,7426000.0,7426000.0,38032000.0,45458000.0,-24359000.0,66000.0,100984000.0,69858000.0,8927000.0,50915000.0,170842000.0,549754000.0,720596000.0,720596000.0,6217000.0,6217000.0,-31167000.0,30392000.0,3954000.0,,,1000.0,-644000.0,,-31167000.0,30392000.0,3954000.0,,6861000.0,,50915000.0,50915000.0,CCJ,2024-09-30 00:00:00,,-30642000.0,,10016000.0,4729000.0,,,,,,,,,,,,,,,-644000.0,,,,
,-12937950.0,0.15,350079000.0,135473000.0,104547000.0,933573000.0,263826000.0,159279000.0,208788050.0,135473000.0,1002153000.0,181034000.0,,,,,135473000.0,135473000.0,135473000.0,135469000.0,135469000.0,-2142000.0,133327000.0,-20235000.0,911000.0,181020000.0,68580000.0,10414000.0,76722000.0,249600000.0,933573000.0,1183173000.0,1183173000.0,-86253000.0,-86253000.0,-27458000.0,25952000.0,3065000.0,,,4000.0,14000.0,,-27458000.0,25952000.0,3065000.0,,-86267000.0,,76722000.0,76722000.0,CCJ,2024-12-31 00:00:00,,65107000.0,,-18556000.0,4571000.0,,,,,,,,,,,,,,,14000.0,,,,
,-1802400.0,0.15,221248000.0,69764000.0,60602000.0,519295000.0,209232000.0,148630000.0,79977600.0,69764000.0,601404000.0,185811000.0,435514000.0,435312000.0,0.16,0.16,69764000.0,69764000.0,69764000.0,69752000.0,69752000.0,53405000.0,123157000.0,-38462000.0,404000.0,188028000.0,82109000.0,13982000.0,58820000.0,270137000.0,519295000.0,789432000.0,789432000.0,-12016000.0,-12016000.0,-26409000.0,25473000.0,3689000.0,,,12000.0,-2217000.0,,-26409000.0,25473000.0,3689000.0,,-9799000.0,,58820000.0,58820000.0,CCJ,2025-03-31 00:00:00,,-26850000.0,,9307000.0,4625000.0,,,,,,,,,,,,,,,-2217000.0,,,,
,10658669.553792,0.181353,442057000.0,320888000.0,86472000.0,619926000.0,500830000.0,414358000.0,272773669.553792,320888000.0,711052000.0,165951000.0,435331000.0,435331000.0,0.74,0.74,320888000.0,320888000.0,320888000.0,320885000.0,320885000.0,71085000.0,391970000.0,247576000.0,382000.0,165964000.0,91126000.0,-708000.0,96436000.0,257090000.0,619926000.0,877016000.0,877016000.0,58773000.0,58773000.0,-21570000.0,22388000.0,5407000.0,,,3000.0,-13000.0,,-21570000.0,22388000.0,5407000.0,,58786000.0,,96436000.0,96436000.0,CCJ,2025-06-30 00:00:00,,188421000.0,,-4602000.0,4589000.0,,,,,,,,,,,,,,,-13000.0,,,,
,,,,,,,,,,,,,,,,,,,,,,,,,,,,,2000000.0,,,,,,,,,,,,,0.0,,,,,,,,2000000.0,,CEG,2024-03-31 00:00:00,,,0.0,,,,,,,,,,,,2000000.0,,,,,0.0,,,,
,8960000.0,0.16,1563000000.0,814000000.0,513000000.0,3720000000.0,1619000000.0,1106000000.0,766960000.0,814000000.0,4438000000.0,1100000000.0,316000000.0,315000000.0,2.58,2.58,814000000.0,814000000.0,814000000.0,809000000.0,809000000.0,154000000.0,964000000.0,69000000.0,13000000.0,1037000000.0,501000000.0,,4000000.0,1538000000.0,3937000000.0,5475000000.0,5475000000.0,56000000.0,56000000.0,-142000000.0,142000000.0,,,,5000000.0,0.0,,-142000000.0,142000000.0,,,56000000.0,,4000000.0,,CEG,2024-06-30 00:00:00,,,-1000000.0,63000000.0,,,296000000.0,296000000.0,,,,,,,4000000.0,,,,,0.0,,,,142000000.0
,-27846000.0,0.273,2383000000.0,1200000000.0,489000000.0,4431000000.0,2281000000.0,1792000000.0,1274154000.0,1200000000.0,4670000000.0,1467000000.0,314000000.0,313000000.0,3.82,3.83,1200000000.0,1200000000.0,1200000000.0,1196000000.0,1196000000.0,449000000.0,1645000000.0,-88000000.0,14000000.0,1880000000.0,16000000.0,,,1896000000.0,4654000000.0,6550000000.0,6550000000.0,-102000000.0,-102000000.0,-147000000.0,147000000.0,,,,4000000.0,2000000.0,,-147000000.0,147000000.0,,,-104000000.0,,,,CEG,2024-09-30 00:00:00,,,0.0,-415000000.0,,,266000000.0,266000000.0,,,,,,,,,,,,2000000.0,,,,165000000.0
,1362048.894063,0.006985,1237000000.0,852000000.0,483000000.0,3856000000.0,1432000000.0,949000000.0,658362048.894063,852000000.0,4674000000.0,972000000.0,314000000.0,314000000.0,2.71,2.72,852000000.0,852000000.0,852000000.0,850000000.0,850000000.0,6000000.0,859000000.0,241000000.0,46000000.0,708000000.0,590000000.0,,,1298000000.0,4084000000.0,5382000000.0,5382000000.0,195000000.0,195000000.0,-90000000.0,90000000.0,,,,2000000.0,69000000.0,,-90000000.0,90000000.0,,,126000000.0,,,,CEG,2024-12-31 00:00:00,,,-3000000.0,195000000.0,,,255000000.0,255000000.0,,,,,,,,,,,,69000000.0,,,,140000000.0
,-10366000.0,0.146,848000000.0,118000000.0,480000000.0,5697000000.0,777000000.0,297000000.0,178634000.0,118000000.0,6440000000.0,451000000.0,314000000.0,313000000.0,0.38,0.38,118000000.0,118000000.0,118000000.0,129000000.0,129000000.0,22000000.0,151000000.0,-51000000.0,20000000.0,348000000.0,511000000.0,,,859000000.0,5929000000.0,6788000000.0,6788000000.0,-71000000.0,-71000000.0,-146000000.0,146000000.0,,,,-11000000.0,,,-146000000.0,146000000.0,,,-71000000.0,,,,CEG,2025-03-31 00:00:00,,,,103000000.0,,,248000000.0,248000000.0,,,,,,,,,,,,,,,,160000000.0
,304134000.0,0.346,1002000000.0,839000000.0,490000000.0,4513000000.0,1881000000.0,1391000000.0,264134000.0,839000000.0,5599000000.0,951000000.0,314000000.0,314000000.0,2.67,2.67,839000000.0,839000000.0,839000000.0,833000000.0,833000000.0,440000000.0,1273000000.0,889000000.0,10000000.0,502000000.0,850000000.0,,,1352000000.0,4749000000.0,6101000000.0,6101000000.0,879000000.0,879000000.0,-118000000.0,118000000.0,,,,6000000.0,,,-118000000.0,118000000.0,,,879000000.0,,,,CEG,2025-06-30 00:00:00,,,0.0,449000000.0,,,254000000.0,254000000.0,,,,,,,,,,,,,,,,147000000.0
,,,,,,,,,,,,,,,,,,,,,,,,,,,,,2000000.0,,,,,,,,,,,,,0.0,,,,,,,,2000000.0,,CEG,2024-03-31 00:00:00,,,0.0,,,,,,,,,,,,2000000.0,,,,,0.0,,,,
,8960000.0,0.16,1563000000.0,814000000.0,513000000.0,3720000000.0,1619000000.0,1106000000.0,766960000.0,814000000.0,4438000000.0,1100000000.0,316000000.0,315000000.0,2.58,2.58,814000000.0,814000000.0,814000000.0,809000000.0,809000000.0,154000000.0,964000000.0,69000000.0,13000000.0,1037000000.0,501000000.0,,4000000.0,1538000000.0,3937000000.0,5475000000.0,5475000000.0,56000000.0,56000000.0,-142000000.0,142000000.0,,,,5000000.0,0.0,,-142000000.0,142000000.0,,,56000000.0,,4000000.0,,CEG,2024-06-30 00:00:00,,,-1000000.0,63000000.0,,,296000000.0,296000000.0,,,,,,,4000000.0,,,,,0.0,,,,142000000.0
,-27846000.0,0.273,2383000000.0,1200000000.0,489000000.0,4431000000.0,2281000000.0,1792000000.0,1274154000.0,1200000000.0,4670000000.0,1467000000.0,314000000.0,313000000.0,3.82,3.83,1200000000.0,1200000000.0,1200000000.0,1196000000.0,1196000000.0,449000000.0,1645000000.0,-88000000.0,14000000.0,1880000000.0,16000000.0,,,1896000000.0,4654000000.0,6550000000.0,6550000000.0,-102000000.0,-102000000.0,-147000000.0,147000000.0,,,,4000000.0,2000000.0,,-147000000.0,147000000.0,,,-104000000.0,,,,CEG,2024-09-30 00:00:00,,,0.0,-415000000.0,,,266000000.0,266000000.0,,,,,,,,,,,,2000000.0,,,,165000000.0
,1362048.894063,0.006985,1237000000.0,852000000.0,483000000.0,3856000000.0,1432000000.0,949000000.0,658362048.894063,852000000.0,4674000000.0,972000000.0,314000000.0,314000000.0,2.71,2.72,852000000.0,852000000.0,852000000.0,850000000.0,850000000.0,6000000.0,859000000.0,241000000.0,46000000.0,708000000.0,590000000.0,,,1298000000.0,4084000000.0,5382000000.0,5382000000.0,195000000.0,195000000.0,-90000000.0,90000000.0,,,,2000000.0,69000000.0,,-90000000.0,90000000.0,,,126000000.0,,,,CEG,2024-12-31 00:00:00,,,-3000000.0,195000000.0,,,255000000.0,255000000.0,,,,,,,,,,,,69000000.0,,,,140000000.0
,-10366000.0,0.146,848000000.0,118000000.0,480000000.0,5697000000.0,777000000.0,297000000.0,178634000.0,118000000.0,6440000000.0,451000000.0,314000000.0,313000000.0,0.38,0.38,118000000.0,118000000.0,118000000.0,129000000.0,129000000.0,22000000.0,151000000.0,-51000000.0,20000000.0,348000000.0,511000000.0,,,859000000.0,5929000000.0,6788000000.0,6788000000.0,-71000000.0,-71000000.0,-146000000.0,146000000.0,,,,-11000000.0,,,-146000000.0,146000000.0,,,-71000000.0,,,,CEG,2025-03-31 00:00:00,,,,103000000.0,,,248000000.0,248000000.0,,,,,,,,,,,,,,,,160000000.0
,304134000.0,0.346,1002000000.0,839000000.0,490000000.0,4513000000.0,1881000000.0,1391000000.0,264134000.0,839000000.0,5599000000.0,951000000.0,314000000.0,314000000.0,2.67,2.67,839000000.0,839000000.0,839000000.0,833000000.0,833000000.0,440000000.0,1273000000.0,889000000.0,10000000.0,502000000.0,850000000.0,,,1352000000.0,4749000000.0,6101000000.0,6101000000.0,879000000.0,879000000.0,-118000000.0,118000000.0,,,,6000000.0,,,-118000000.0,118000000.0,,,879000000.0,,,,CEG,2025-06-30 00:00:00,,,0.0,449000000.0,,,254000000.0,254000000.0,,,,,,,,,,,,,,,,147000000.0
,5280000.0,0.264,2821000000.0,1681000000.0,516000000.0,51173000000.0,2841000000.0,2325000000.0,1666280000.0,1681000000.0,56318000000.0,2197000000.0,,,,,1681000000.0,1681000000.0,1681000000.0,1681000000.0,1681000000.0,603000000.0,2284000000.0,20000000.0,,2197000000.0,5145000000.0,,5145000000.0,7342000000.0,51173000000.0,58515000000.0,58515000000.0,20000000.0,20000000.0,67000000.0,41000000.0,94000000.0,,,,,,67000000.0,41000000.0,94000000.0,,20000000.0,,,,COST,2024-05-31 00:00:00,,,,,-14000000.0,,,,,,,,,,,,,,,,,,,
,-6826855.123675,0.243816,3896000000.0,2354000000.0,706000000.0,69588000000.0,3868000000.0,3162000000.0,2375173144.876325,2354000000.0,76655000000.0,3042000000.0,444977000.0,444013000.0,5.29,5.3,2354000000.0,2354000000.0,2354000000.0,2354000000.0,2354000000.0,759000000.0,3113000000.0,-28000000.0,,3042000000.0,7067000000.0,,7067000000.0,10109000000.0,69588000000.0,79697000000.0,79697000000.0,-28000000.0,-28000000.0,99000000.0,49000000.0,138000000.0,,,,,,99000000.0,49000000.0,138000000.0,,-28000000.0,,,,COST,2024-08-31 00:00:00,,,,,-10000000.0,,,,,,,,,,,,,,,,,,,
,9460000.0,0.22,2848000000.0,1798000000.0,548000000.0,54109000000.0,2891000000.0,2343000000.0,1764460000.0,1798000000.0,59955000000.0,2196000000.0,444891000.0,443988000.0,4.04,4.05,1798000000.0,1798000000.0,1798000000.0,1798000000.0,1798000000.0,508000000.0,2306000000.0,43000000.0,,2196000000.0,5846000000.0,,5846000000.0,8042000000.0,54109000000.0,62151000000.0,62151000000.0,43000000.0,43000000.0,67000000.0,37000000.0,96000000.0,,,,,,67000000.0,37000000.0,96000000.0,,43000000.0,,,,COST,2024-11-30 00:00:00,,,,,-8000000.0,,,,,,,,,,,,,,,,,,,
,6026000.0,0.262,2987000000.0,1788000000.0,552000000.0,55744000000.0,3010000000.0,2458000000.0,1771026000.0,1788000000.0,61407000000.0,2316000000.0,444886000.0,443982000.0,4.02,4.03,1788000000.0,1788000000.0,1788000000.0,1788000000.0,1788000000.0,634000000.0,2422000000.0,23000000.0,,2316000000.0,5663000000.0,,5663000000.0,7979000000.0,55744000000.0,63723000000.0,63723000000.0,23000000.0,23000000.0,83000000.0,36000000.0,109000000.0,,,,,,83000000.0,36000000.0,109000000.0,,23000000.0,,,,COST,2025-02-28 00:00:00,,,,,-10000000.0,,,,,,,,,,,,,,,,,,,
,-4454000.0,0.262,3184000000.0,1903000000.0,552000000.0,54996000000.0,3167000000.0,2615000000.0,1915546000.0,1903000000.0,60675000000.0,2530000000.0,444762000.0,443958000.0,4.28,4.29,1903000000.0,1903000000.0,1903000000.0,1903000000.0,1903000000.0,677000000.0,2580000000.0,-17000000.0,,2530000000.0,5679000000.0,,5679000000.0,8209000000.0,54996000000.0,63205000000.0,63205000000.0,-17000000.0,-17000000.0,67000000.0,35000000.0,95000000.0,,,,,,67000000.0,35000000.0,95000000.0,,-17000000.0,,,,COST,2025-05-31 00:00:00,,,,,-7000000.0,,,,,,,,,,,,,,,,,,,
,,,,,,,,,,,,,444706000.0,444007000.0,5.87,5.88,,,,,,,,,,,,,,,,,,,,,,,,,,,,,,,,,,,,COST,2025-08-31 00:00:00,,,,,,,,,,,,,,,,,,,,,,,,
,5280000.0,0.264,2821000000.0,1681000000.0,516000000.0,51173000000.0,2841000000.0,2325000000.0,1666280000.0,1681000000.0,56318000000.0,2197000000.0,,,,,1681000000.0,1681000000.0,1681000000.0,1681000000.0,1681000000.0,603000000.0,2284000000.0,20000000.0,,2197000000.0,5145000000.0,,5145000000.0,7342000000.0,51173000000.0,58515000000.0,58515000000.0,20000000.0,20000000.0,67000000.0,41000000.0,94000000.0,,,,,,67000000.0,41000000.0,94000000.0,,20000000.0,,,,COST,2024-05-31 00:00:00,,,,,-14000000.0,,,,,,,,,,,,,,,,,,,
,-6826855.123675,0.243816,3896000000.0,2354000000.0,706000000.0,69588000000.0,3868000000.0,3162000000.0,2375173144.876325,2354000000.0,76655000000.0,3042000000.0,444977000.0,444013000.0,5.29,5.3,2354000000.0,2354000000.0,2354000000.0,2354000000.0,2354000000.0,759000000.0,3113000000.0,-28000000.0,,3042000000.0,7067000000.0,,7067000000.0,10109000000.0,69588000000.0,79697000000.0,79697000000.0,-28000000.0,-28000000.0,99000000.0,49000000.0,138000000.0,,,,,,99000000.0,49000000.0,138000000.0,,-28000000.0,,,,COST,2024-08-31 00:00:00,,,,,-10000000.0,,,,,,,,,,,,,,,,,,,
,9460000.0,0.22,2848000000.0,1798000000.0,548000000.0,54109000000.0,2891000000.0,2343000000.0,1764460000.0,1798000000.0,59955000000.0,2196000000.0,444891000.0,443988000.0,4.04,4.05,1798000000.0,1798000000.0,1798000000.0,1798000000.0,1798000000.0,508000000.0,2306000000.0,43000000.0,,2196000000.0,5846000000.0,,5846000000.0,8042000000.0,54109000000.0,62151000000.0,62151000000.0,43000000.0,43000000.0,67000000.0,37000000.0,96000000.0,,,,,,67000000.0,37000000.0,96000000.0,,43000000.0,,,,COST,2024-11-30 00:00:00,,,,,-8000000.0,,,,,,,,,,,,,,,,,,,
,6026000.0,0.262,2987000000.0,1788000000.0,552000000.0,55744000000.0,3010000000.0,2458000000.0,1771026000.0,1788000000.0,61407000000.0,2316000000.0,444886000.0,443982000.0,4.02,4.03,1788000000.0,1788000000.0,1788000000.0,1788000000.0,1788000000.0,634000000.0,2422000000.0,23000000.0,,2316000000.0,5663000000.0,,5663000000.0,7979000000.0,55744000000.0,63723000000.0,63723000000.0,23000000.0,23000000.0,83000000.0,36000000.0,109000000.0,,,,,,83000000.0,36000000.0,109000000.0,,23000000.0,,,,COST,2025-02-28 00:00:00,,,,,-10000000.0,,,,,,,,,,,,,,,,,,,
,-4454000.0,0.262,3184000000.0,1903000000.0,552000000.0,54996000000.0,3167000000.0,2615000000.0,1915546000.0,1903000000.0,60675000000.0,2530000000.0,444762000.0,443958000.0,4.28,4.29,1903000000.0,1903000000.0,1903000000.0,1903000000.0,1903000000.0,677000000.0,2580000000.0,-17000000.0,,2530000000.0,5679000000.0,,5679000000.0,8209000000.0,54996000000.0,63205000000.0,63205000000.0,-17000000.0,-17000000.0,67000000.0,35000000.0,95000000.0,,,,,,67000000.0,35000000.0,95000000.0,,-17000000.0,,,,COST,2025-05-31 00:00:00,,,,,-7000000.0,,,,,,,,,,,,,,,,,,,
,,,,,,,,,,,,,444706000.0,444007000.0,5.87,5.88,,,,,,,,,,,,,,,,,,,,,,,,,,,,,,,,,,,,COST,2025-08-31 00:00:00,,,,,,,,,,,,,,,,,,,,,,,,
,-29920000.0,0.22,2925000000.0,1429000000.0,907000000.0,2159000000.0,2789000000.0,1882000000.0,1535080000.0,1429000000.0,7443000000.0,1783000000.0,973000000.0,964000000.0,1.47,1.48,1429000000.0,1429000000.0,1429000000.0,1429000000.0,1429000000.0,408000000.0,1837000000.0,-45000000.0,91000000.0,1882000000.0,5284000000.0,1349000000.0,3935000000.0,7166000000.0,2159000000.0,9325000000.0,9325000000.0,-136000000.0,-136000000.0,,,,,,,-159000000.0,99000000.0,,,,60000000.0,23000000.0,3224000000.0,711000000.0,711000000.0,CRM,2024-07-31 00:00:00,,,,,,,,,,,,,,,,,,,,,,,,
,-35490000.0,0.13,3036000000.0,1527000000.0,814000000.0,2105000000.0,2763000000.0,1949000000.0,1764510000.0,1527000000.0,7495000000.0,1893000000.0,965000000.0,956000000.0,1.58,1.6,1527000000.0,1527000000.0,1527000000.0,1527000000.0,1527000000.0,219000000.0,1746000000.0,-203000000.0,70000000.0,1949000000.0,5390000000.0,1356000000.0,4034000000.0,7339000000.0,2105000000.0,9444000000.0,9444000000.0,-273000000.0,-273000000.0,,,,,,,-298000000.0,56000000.0,,,,242000000.0,25000000.0,3323000000.0,711000000.0,711000000.0,CRM,2024-10-31 00:00:00,,,,,,,,,,,,,,,,,,,,,,,,
,-28450704.225352,0.140845,3197000000.0,1708000000.0,877000000.0,2217000000.0,2995000000.0,2118000000.0,1881549295.774648,1708000000.0,7875000000.0,1820000000.0,974000000.0,959000000.0,1.75,1.78,1708000000.0,1708000000.0,1708000000.0,1708000000.0,1708000000.0,280000000.0,1988000000.0,-130000000.0,72000000.0,2118000000.0,5658000000.0,1420000000.0,4238000000.0,7776000000.0,2217000000.0,9993000000.0,9993000000.0,-202000000.0,-202000000.0,,,,,,,-448000000.0,298000000.0,,,,150000000.0,246000000.0,3471000000.0,767000000.0,767000000.0,CRM,2025-01-31 00:00:00,,,,,,,,,,,,,,,,,,,,,,,,
,-21780000.0,0.22,2920000000.0,1541000000.0,843000000.0,2265000000.0,2821000000.0,1978000000.0,1618220000.0,1541000000.0,7851000000.0,1942000000.0,970000000.0,960000000.0,1.59,1.61,1541000000.0,1541000000.0,1541000000.0,1541000000.0,1541000000.0,433000000.0,1974000000.0,-4000000.0,95000000.0,1978000000.0,5586000000.0,1460000000.0,4126000000.0,7564000000.0,2265000000.0,9829000000.0,9829000000.0,-99000000.0,-99000000.0,,,,,,,-83000000.0,36000000.0,,,,47000000.0,-16000000.0,3429000000.0,697000000.0,697000000.0,CRM,2025-04-30 00:00:00,,,,,,,,,,,,,,,,,,,,,,,,
,440000.0,0.22,3151000000.0,1887000000.0,817000000.0,2242000000.0,3153000000.0,2336000000.0,1885440000.0,1887000000.0,7900000000.0,2332000000.0,962000000.0,956000000.0,1.96,1.97,1887000000.0,1887000000.0,1887000000.0,1887000000.0,1887000000.0,519000000.0,2406000000.0,70000000.0,68000000.0,2336000000.0,5658000000.0,1481000000.0,4177000000.0,7994000000.0,2242000000.0,10236000000.0,10236000000.0,2000000.0,2000000.0,,,,,,,-90000000.0,4000000.0,,,,86000000.0,92000000.0,3443000000.0,734000000.0,734000000.0,CRM,2025-07-31 00:00:00,,,,,,,,,,,,,,,,,,,,,,,,
,-29920000.0,0.22,2925000000.0,1429000000.0,907000000.0,2159000000.0,2789000000.0,1882000000.0,1535080000.0,1429000000.0,7443000000.0,1783000000.0,973000000.0,964000000.0,1.47,1.48,1429000000.0,1429000000.0,1429000000.0,1429000000.0,1429000000.0,408000000.0,1837000000.0,-45000000.0,91000000.0,1882000000.0,5284000000.0,1349000000.0,3935000000.0,7166000000.0,2159000000.0,9325000000.0,9325000000.0,-136000000.0,-136000000.0,,,,,,,-159000000.0,99000000.0,,,,60000000.0,23000000.0,3224000000.0,711000000.0,711000000.0,CRM,2024-07-31 00:00:00,,,,,,,,,,,,,,,,,,,,,,,,
,-35490000.0,0.13,3036000000.0,1527000000.0,814000000.0,2105000000.0,2763000000.0,1949000000.0,1764510000.0,1527000000.0,7495000000.0,1893000000.0,965000000.0,956000000.0,1.58,1.6,1527000000.0,1527000000.0,1527000000.0,1527000000.0,1527000000.0,219000000.0,1746000000.0,-203000000.0,70000000.0,1949000000.0,5390000000.0,1356000000.0,4034000000.0,7339000000.0,2105000000.0,9444000000.0,9444000000.0,-273000000.0,-273000000.0,,,,,,,-298000000.0,56000000.0,,,,242000000.0,25000000.0,3323000000.0,711000000.0,711000000.0,CRM,2024-10-31 00:00:00,,,,,,,,,,,,,,,,,,,,,,,,
,-28450704.225352,0.140845,3197000000.0,1708000000.0,877000000.0,2217000000.0,2995000000.0,2118000000.0,1881549295.774648,1708000000.0,7875000000.0,1820000000.0,974000000.0,959000000.0,1.75,1.78,1708000000.0,1708000000.0,1708000000.0,1708000000.0,1708000000.0,280000000.0,1988000000.0,-130000000.0,72000000.0,2118000000.0,5658000000.0,1420000000.0,4238000000.0,7776000000.0,2217000000.0,9993000000.0,9993000000.0,-202000000.0,-202000000.0,,,,,,,-448000000.0,298000000.0,,,,150000000.0,246000000.0,3471000000.0,767000000.0,767000000.0,CRM,2025-01-31 00:00:00,,,,,,,,,,,,,,,,,,,,,,,,
,-21780000.0,0.22,2920000000.0,1541000000.0,843000000.0,2265000000.0,2821000000.0,1978000000.0,1618220000.0,1541000000.0,7851000000.0,1942000000.0,970000000.0,960000000.0,1.59,1.61,1541000000.0,1541000000.0,1541000000.0,1541000000.0,1541000000.0,433000000.0,1974000000.0,-4000000.0,95000000.0,1978000000.0,5586000000.0,1460000000.0,4126000000.0,7564000000.0,2265000000.0,9829000000.0,9829000000.0,-99000000.0,-99000000.0,,,,,,,-83000000.0,36000000.0,,,,47000000.0,-16000000.0,3429000000.0,697000000.0,697000000.0,CRM,2025-04-30 00:00:00,,,,,,,,,,,,,,,,,,,,,,,,
,440000.0,0.22,3151000000.0,1887000000.0,817000000.0,2242000000.0,3153000000.0,2336000000.0,1885440000.0,1887000000.0,7900000000.0,2332000000.0,962000000.0,956000000.0,1.96,1.97,1887000000.0,1887000000.0,1887000000.0,1887000000.0,1887000000.0,519000000.0,2406000000.0,70000000.0,68000000.0,2336000000.0,5658000000.0,1481000000.0,4177000000.0,7994000000.0,2242000000.0,10236000000.0,10236000000.0,2000000.0,2000000.0,,,,,,,-90000000.0,4000000.0,,,,86000000.0,92000000.0,3443000000.0,734000000.0,734000000.0,CRM,2025-07-31 00:00:00,,,,,,,,,,,,,,,,,,,,,,,,
,0.0,0.37,11334000000.0,4434000000.0,4185000000.0,34871000000.0,11334000000.0,7149000000.0,4434000000.0,4434000000.0,43984000000.0,,1833431000.0,1825842000.0,2.43,2.43,4434000000.0,4434000000.0,4434000000.0,4443000000.0,4443000000.0,2593000000.0,7036000000.0,1559000000.0,353000000.0,5590000000.0,9113000000.0,,1048000000.0,14703000000.0,34871000000.0,49574000000.0,49574000000.0,,,-113000000.0,113000000.0,,,,-9000000.0,,,-113000000.0,113000000.0,,,,,,,CVX,2024-06-30 00:00:00,,1206000000.0,,6877000000.0,,,,,,,,,,,,,,,,,,,,1188000000.0
,0.0,0.31,10883000000.0,4487000000.0,4230000000.0,34664000000.0,10883000000.0,6653000000.0,4487000000.0,4487000000.0,43967000000.0,,1807030000.0,1800336000.0,2.48,2.49,4487000000.0,4487000000.0,4487000000.0,4496000000.0,4496000000.0,1993000000.0,6489000000.0,1694000000.0,433000000.0,4959000000.0,9303000000.0,,1191000000.0,14262000000.0,34664000000.0,48926000000.0,48926000000.0,,,-164000000.0,164000000.0,,,,-9000000.0,,,-164000000.0,164000000.0,,,,,,,CVX,2024-09-30 00:00:00,,1261000000.0,,6849000000.0,,,,,,,,,,,,,,,,,,,,1263000000.0
,0.0,0.21,10349000000.0,3239000000.0,4091000000.0,35121000000.0,10349000000.0,6258000000.0,3239000000.0,3239000000.0,45918000000.0,,1777366000.0,1770310000.0,1.84,1.85,3239000000.0,3239000000.0,3239000000.0,3259000000.0,3259000000.0,2800000000.0,6059000000.0,3842000000.0,3154000000.0,2416000000.0,10797000000.0,,1585000000.0,13213000000.0,35121000000.0,48334000000.0,48334000000.0,,,-199000000.0,199000000.0,,,,-20000000.0,,,-199000000.0,199000000.0,,,,,,,CVX,2024-12-31 00:00:00,,688000000.0,,8071000000.0,,,,,,,,,,,,,,,,,,,,1141000000.0
,0.0,0.37,10030000000.0,3500000000.0,4235000000.0,32733000000.0,10030000000.0,5795000000.0,3500000000.0,3500000000.0,41804000000.0,,1751441000.0,1744628000.0,2.0,2.01,3500000000.0,3500000000.0,3500000000.0,3512000000.0,3512000000.0,2071000000.0,5583000000.0,1498000000.0,678000000.0,4297000000.0,9071000000.0,,1221000000.0,13368000000.0,32733000000.0,46101000000.0,46101000000.0,,,-212000000.0,212000000.0,,,,-12000000.0,,,-212000000.0,212000000.0,,,,,,,CVX,2025-03-31 00:00:00,,820000000.0,,6595000000.0,,,,,,,,,,,,,,,,,,,,1255000000.0
,0.0,0.39,8830000000.0,2490000000.0,4409000000.0,31202000000.0,8830000000.0,4421000000.0,2490000000.0,2490000000.0,40318000000.0,,1724397000.0,1719184000.0,1.45,1.45,2490000000.0,2490000000.0,2490000000.0,2515000000.0,2515000000.0,1632000000.0,4147000000.0,364000000.0,-172000000.0,4057000000.0,9116000000.0,,889000000.0,13173000000.0,31202000000.0,44375000000.0,44375000000.0,,,-274000000.0,274000000.0,,,,-25000000.0,,,-274000000.0,274000000.0,,,,,,,CVX,2025-06-30 00:00:00,,536000000.0,,6926000000.0,,,,,,,,,,,,,,,,,,,,1301000000.0
,0.0,0.37,11334000000.0,4434000000.0,4185000000.0,34871000000.0,11334000000.0,7149000000.0,4434000000.0,4434000000.0,43984000000.0,,1833431000.0,1825842000.0,2.43,2.43,4434000000.0,4434000000.0,4434000000.0,4443000000.0,4443000000.0,2593000000.0,7036000000.0,1559000000.0,353000000.0,5590000000.0,9113000000.0,,1048000000.0,14703000000.0,34871000000.0,49574000000.0,49574000000.0,,,-113000000.0,113000000.0,,,,-9000000.0,,,-113000000.0,113000000.0,,,,,,,CVX,2024-06-30 00:00:00,,1206000000.0,,6877000000.0,,,,,,,,,,,,,,,,,,,,1188000000.0
,0.0,0.31,10883000000.0,4487000000.0,4230000000.0,34664000000.0,10883000000.0,6653000000.0,4487000000.0,4487000000.0,43967000000.0,,1807030000.0,1800336000.0,2.48,2.49,4487000000.0,4487000000.0,4487000000.0,4496000000.0,4496000000.0,1993000000.0,6489000000.0,1694000000.0,433000000.0,4959000000.0,9303000000.0,,1191000000.0,14262000000.0,34664000000.0,48926000000.0,48926000000.0,,,-164000000.0,164000000.0,,,,-9000000.0,,,-164000000.0,164000000.0,,,,,,,CVX,2024-09-30 00:00:00,,1261000000.0,,6849000000.0,,,,,,,,,,,,,,,,,,,,1263000000.0
,0.0,0.21,10349000000.0,3239000000.0,4091000000.0,35121000000.0,10349000000.0,6258000000.0,3239000000.0,3239000000.0,45918000000.0,,1777366000.0,1770310000.0,1.84,1.85,3239000000.0,3239000000.0,3239000000.0,3259000000.0,3259000000.0,2800000000.0,6059000000.0,3842000000.0,3154000000.0,2416000000.0,10797000000.0,,1585000000.0,13213000000.0,35121000000.0,48334000000.0,48334000000.0,,,-199000000.0,199000000.0,,,,-20000000.0,,,-199000000.0,199000000.0,,,,,,,CVX,2024-12-31 00:00:00,,688000000.0,,8071000000.0,,,,,,,,,,,,,,,,,,,,1141000000.0
,0.0,0.37,10030000000.0,3500000000.0,4235000000.0,32733000000.0,10030000000.0,5795000000.0,3500000000.0,3500000000.0,41804000000.0,,1751441000.0,1744628000.0,2.0,2.01,3500000000.0,3500000000.0,3500000000.0,3512000000.0,3512000000.0,2071000000.0,5583000000.0,1498000000.0,678000000.0,4297000000.0,9071000000.0,,1221000000.0,13368000000.0,32733000000.0,46101000000.0,46101000000.0,,,-212000000.0,212000000.0,,,,-12000000.0,,,-212000000.0,212000000.0,,,,,,,CVX,2025-03-31 00:00:00,,820000000.0,,6595000000.0,,,,,,,,,,,,,,,,,,,,1255000000.0
,0.0,0.39,8830000000.0,2490000000.0,4409000000.0,31202000000.0,8830000000.0,4421000000.0,2490000000.0,2490000000.0,40318000000.0,,1724397000.0,1719184000.0,1.45,1.45,2490000000.0,2490000000.0,2490000000.0,2515000000.0,2515000000.0,1632000000.0,4147000000.0,364000000.0,-172000000.0,4057000000.0,9116000000.0,,889000000.0,13173000000.0,31202000000.0,44375000000.0,44375000000.0,,,-274000000.0,274000000.0,,,,-25000000.0,,,-274000000.0,274000000.0,,,,,,,CVX,2025-06-30 00:00:00,,536000000.0,,6926000000.0,,,,,,,,,,,,,,,,,,,,1301000000.0
,0.0,0.265393,3748000000.0,1734000000.0,553000000.0,7848000000.0,3748000000.0,3195000000.0,1734000000.0,1734000000.0,9957000000.0,,275600000.0,274500000.0,6.29,6.32,1734000000.0,1734000000.0,1734000000.0,1731000000.0,1731000000.0,625000000.0,2355000000.0,304000000.0,304000000.0,2891000000.0,2109000000.0,567000000.0,1278000000.0,5000000000.0,7848000000.0,12848000000.0,12848000000.0,,,-840000000.0,840000000.0,,,,3000000.0,,,-840000000.0,840000000.0,,,,,,,DE,2024-07-31 00:00:00,,,1000000.0,264000000.0,,,,,,,,,,,,,,,,,,,,
,0.0,0.163924,2909000000.0,1245000000.0,520000000.0,6818000000.0,2909000000.0,2389000000.0,1245000000.0,1245000000.0,8684000000.0,,273600000.0,272600000.0,4.55,4.57,1245000000.0,1245000000.0,1245000000.0,1242000000.0,1242000000.0,249000000.0,1519000000.0,246000000.0,171000000.0,2143000000.0,1866000000.0,626000000.0,899000000.0,4009000000.0,6818000000.0,10827000000.0,10827000000.0,,,-870000000.0,870000000.0,,,,3000000.0,,,-870000000.0,870000000.0,,,,,,,DE,2024-10-31 00:00:00,,,-28000000.0,-533000000.0,,,,,,,,,,,,,,,,,,,,
,0.0,0.030168,2273000000.0,869000000.0,549000000.0,5037000000.0,2273000000.0,1724000000.0,869000000.0,869000000.0,6784000000.0,,272300000.0,271600000.0,3.19,3.2,869000000.0,869000000.0,869000000.0,867000000.0,867000000.0,27000000.0,895000000.0,246000000.0,246000000.0,1478000000.0,1747000000.0,526000000.0,972000000.0,3225000000.0,5037000000.0,8262000000.0,8262000000.0,,,-829000000.0,829000000.0,,,,2000000.0,,,-829000000.0,829000000.0,,,,,,,DE,2025-01-31 00:00:00,,,-1000000.0,249000000.0,,,,,,,,,,,,,,,,,,,,
,0.0,0.230638,3676000000.0,1804000000.0,555000000.0,7609000000.0,3676000000.0,3121000000.0,1804000000.0,1804000000.0,9642000000.0,,271800000.0,271100000.0,6.64,6.65,1804000000.0,1804000000.0,1804000000.0,1801000000.0,1801000000.0,539000000.0,2337000000.0,238000000.0,238000000.0,2883000000.0,2033000000.0,549000000.0,1197000000.0,4916000000.0,7609000000.0,12525000000.0,12525000000.0,,,-784000000.0,784000000.0,,,,3000000.0,,,-784000000.0,784000000.0,,,,,,,DE,2025-04-30 00:00:00,,,3000000.0,287000000.0,,,,,,,,,,,,,,,,,,,,
,0.0,0.211875,2958000000.0,1289000000.0,564000000.0,7570000000.0,2958000000.0,2394000000.0,1289000000.0,1289000000.0,9624000000.0,,271400000.0,270700000.0,4.75,4.76,1289000000.0,1289000000.0,1289000000.0,1271000000.0,1271000000.0,339000000.0,1600000000.0,235000000.0,235000000.0,2159000000.0,2054000000.0,556000000.0,1217000000.0,4213000000.0,7570000000.0,11783000000.0,11783000000.0,,,-794000000.0,794000000.0,,,,18000000.0,,,-794000000.0,794000000.0,,,,,,,DE,2025-07-31 00:00:00,,,10000000.0,281000000.0,,,,,,,,,,,,,,,,,,,,
,0.0,0.265393,3748000000.0,1734000000.0,553000000.0,7848000000.0,3748000000.0,3195000000.0,1734000000.0,1734000000.0,9957000000.0,,275600000.0,274500000.0,6.29,6.32,1734000000.0,1734000000.0,1734000000.0,1731000000.0,1731000000.0,625000000.0,2355000000.0,304000000.0,304000000.0,2891000000.0,2109000000.0,567000000.0,1278000000.0,5000000000.0,7848000000.0,12848000000.0,12848000000.0,,,-840000000.0,840000000.0,,,,3000000.0,,,-840000000.0,840000000.0,,,,,,,DE,2024-07-31 00:00:00,,,1000000.0,264000000.0,,,,,,,,,,,,,,,,,,,,
,0.0,0.163924,2909000000.0,1245000000.0,520000000.0,6818000000.0,2909000000.0,2389000000.0,1245000000.0,1245000000.0,8684000000.0,,273600000.0,272600000.0,4.55,4.57,1245000000.0,1245000000.0,1245000000.0,1242000000.0,1242000000.0,249000000.0,1519000000.0,246000000.0,171000000.0,2143000000.0,1866000000.0,626000000.0,899000000.0,4009000000.0,6818000000.0,10827000000.0,10827000000.0,,,-870000000.0,870000000.0,,,,3000000.0,,,-870000000.0,870000000.0,,,,,,,DE,2024-10-31 00:00:00,,,-28000000.0,-533000000.0,,,,,,,,,,,,,,,,,,,,
,0.0,0.030168,2273000000.0,869000000.0,549000000.0,5037000000.0,2273000000.0,1724000000.0,869000000.0,869000000.0,6784000000.0,,272300000.0,271600000.0,3.19,3.2,869000000.0,869000000.0,869000000.0,867000000.0,867000000.0,27000000.0,895000000.0,246000000.0,246000000.0,1478000000.0,1747000000.0,526000000.0,972000000.0,3225000000.0,5037000000.0,8262000000.0,8262000000.0,,,-829000000.0,829000000.0,,,,2000000.0,,,-829000000.0,829000000.0,,,,,,,DE,2025-01-31 00:00:00,,,-1000000.0,249000000.0,,,,,,,,,,,,,,,,,,,,
,0.0,0.230638,3676000000.0,1804000000.0,555000000.0,7609000000.0,3676000000.0,3121000000.0,1804000000.0,1804000000.0,9642000000.0,,271800000.0,271100000.0,6.64,6.65,1804000000.0,1804000000.0,1804000000.0,1801000000.0,1801000000.0,539000000.0,2337000000.0,238000000.0,238000000.0,2883000000.0,2033000000.0,549000000.0,1197000000.0,4916000000.0,7609000000.0,12525000000.0,12525000000.0,,,-784000000.0,784000000.0,,,,3000000.0,,,-784000000.0,784000000.0,,,,,,,DE,2025-04-30 00:00:00,,,3000000.0,287000000.0,,,,,,,,,,,,,,,,,,,,
,0.0,0.211875,2958000000.0,1289000000.0,564000000.0,7570000000.0,2958000000.0,2394000000.0,1289000000.0,1289000000.0,9624000000.0,,271400000.0,270700000.0,4.75,4.76,1289000000.0,1289000000.0,1289000000.0,1271000000.0,1271000000.0,339000000.0,1600000000.0,235000000.0,235000000.0,2159000000.0,2054000000.0,556000000.0,1217000000.0,4213000000.0,7570000000.0,11783000000.0,11783000000.0,,,-794000000.0,794000000.0,,,,18000000.0,,,-794000000.0,794000000.0,,,,,,,DE,2025-07-31 00:00:00,,,10000000.0,281000000.0,,,,,,,,,,,,,,,,,,,,
,,,,,,,,,,,,,,,,,,,,,,,,,,,,,,,,,,,,,,,,,,,,,,,,,,,,DIS,2024-03-31 00:00:00,,,,,,,,,,,0.0,,,,,,,,,,,,,
,0.0,0.081,4822000000.0,2621000000.0,1220000000.0,14709000000.0,4822000000.0,3602000000.0,2621000000.0,2621000000.0,19801000000.0,,1829000000.0,1821000000.0,1.43,1.44,2621000000.0,2621000000.0,2621000000.0,2842000000.0,2842000000.0,251000000.0,3093000000.0,81000000.0,-65000000.0,3354000000.0,5092000000.0,,3872000000.0,8446000000.0,14709000000.0,23155000000.0,23155000000.0,0.0,0.0,-342000000.0,509000000.0,167000000.0,,,-221000000.0,0.0,0.0,-342000000.0,509000000.0,167000000.0,,,,,,DIS,2024-06-30 00:00:00,,146000000.0,,,,,1220000000.0,1220000000.0,,,,65000000.0,,,,,,,,,,,,
,-324030000.0,0.21,4308000000.0,460000000.0,1285000000.0,14230000000.0,2765000000.0,1480000000.0,1678970000.0,460000000.0,19829000000.0,,1819000000.0,1814000000.0,0.25,0.25,460000000.0,460000000.0,460000000.0,564000000.0,564000000.0,384000000.0,948000000.0,-1032000000.0,,2745000000.0,5599000000.0,,4314000000.0,8344000000.0,14230000000.0,22574000000.0,22574000000.0,-1543000000.0,-1543000000.0,-765000000.0,532000000.0,-233000000.0,,,-104000000.0,-1543000000.0,1543000000.0,-765000000.0,532000000.0,-233000000.0,,,,,,DIS,2024-09-30 00:00:00,,107000000.0,,,,,1285000000.0,1285000000.0,,,,0.0,,,,,,,,,,,,
,-39754000.0,0.278,5566000000.0,2554000000.0,1276000000.0,15406000000.0,5423000000.0,4147000000.0,2657246000.0,2554000000.0,20612000000.0,,1818000000.0,1812000000.0,1.4,1.41,2554000000.0,2554000000.0,2554000000.0,2644000000.0,2644000000.0,1016000000.0,3660000000.0,15000000.0,66000000.0,4078000000.0,5206000000.0,,3930000000.0,9284000000.0,15406000000.0,24690000000.0,24690000000.0,-143000000.0,-143000000.0,-433000000.0,487000000.0,54000000.0,,,-90000000.0,-143000000.0,143000000.0,-433000000.0,487000000.0,54000000.0,,,,,,DIS,2024-12-31 00:00:00,,92000000.0,,,,,1276000000.0,1276000000.0,,,,,,,,,,,,,,,,
,-22890000.0,0.21,4991000000.0,3275000000.0,1324000000.0,14810000000.0,4882000000.0,3558000000.0,3361110000.0,3275000000.0,20115000000.0,,1814000000.0,1808000000.0,1.81,1.81,3275000000.0,3275000000.0,3275000000.0,3401000000.0,3401000000.0,-314000000.0,3087000000.0,-73000000.0,,3506000000.0,5305000000.0,,3981000000.0,8811000000.0,14810000000.0,23621000000.0,23621000000.0,-109000000.0,-109000000.0,-346000000.0,471000000.0,125000000.0,,,-126000000.0,-109000000.0,109000000.0,-346000000.0,471000000.0,125000000.0,,,,,,DIS,2025-03-31 00:00:00,,36000000.0,,,,,1324000000.0,1324000000.0,,,,,,,,,,,,,,,,
,-38850000.0,0.21,5166000000.0,5262000000.0,1332000000.0,14532000000.0,4981000000.0,3649000000.0,5408150000.0,5262000000.0,20005000000.0,,1805000000.0,1799000000.0,2.92,2.92,5262000000.0,5262000000.0,5262000000.0,5943000000.0,5943000000.0,-2732000000.0,3211000000.0,-110000000.0,,3645000000.0,5473000000.0,,4141000000.0,9118000000.0,14532000000.0,23650000000.0,23650000000.0,-185000000.0,-185000000.0,-324000000.0,438000000.0,114000000.0,,,-681000000.0,-185000000.0,185000000.0,-324000000.0,438000000.0,114000000.0,,,,,,DIS,2025-06-30 00:00:00,,75000000.0,,,,,1332000000.0,1332000000.0,,,,,,,,,,,,,,,,
,,,,,,,,,,,,,,,,,,,,,,,,,,,,,,,,,,,,,,,,,,,,,,,,,,,,DIS,2024-03-31 00:00:00,,,,,,,,,,,0.0,,,,,,,,,,,,,
,0.0,0.081,4822000000.0,2621000000.0,1220000000.0,14709000000.0,4822000000.0,3602000000.0,2621000000.0,2621000000.0,19801000000.0,,1829000000.0,1821000000.0,1.43,1.44,2621000000.0,2621000000.0,2621000000.0,2842000000.0,2842000000.0,251000000.0,3093000000.0,81000000.0,-65000000.0,3354000000.0,5092000000.0,,3872000000.0,8446000000.0,14709000000.0,23155000000.0,23155000000.0,0.0,0.0,-342000000.0,509000000.0,167000000.0,,,-221000000.0,0.0,0.0,-342000000.0,509000000.0,167000000.0,,,,,,DIS,2024-06-30 00:00:00,,146000000.0,,,,,1220000000.0,1220000000.0,,,,65000000.0,,,,,,,,,,,,
,-324030000.0,0.21,4308000000.0,460000000.0,1285000000.0,14230000000.0,2765000000.0,1480000000.0,1678970000.0,460000000.0,19829000000.0,,1819000000.0,1814000000.0,0.25,0.25,460000000.0,460000000.0,460000000.0,564000000.0,564000000.0,384000000.0,948000000.0,-1032000000.0,,2745000000.0,5599000000.0,,4314000000.0,8344000000.0,14230000000.0,22574000000.0,22574000000.0,-1543000000.0,-1543000000.0,-765000000.0,532000000.0,-233000000.0,,,-104000000.0,-1543000000.0,1543000000.0,-765000000.0,532000000.0,-233000000.0,,,,,,DIS,2024-09-30 00:00:00,,107000000.0,,,,,1285000000.0,1285000000.0,,,,0.0,,,,,,,,,,,,
,-39754000.0,0.278,5566000000.0,2554000000.0,1276000000.0,15406000000.0,5423000000.0,4147000000.0,2657246000.0,2554000000.0,20612000000.0,,1818000000.0,1812000000.0,1.4,1.41,2554000000.0,2554000000.0,2554000000.0,2644000000.0,2644000000.0,1016000000.0,3660000000.0,15000000.0,66000000.0,4078000000.0,5206000000.0,,3930000000.0,9284000000.0,15406000000.0,24690000000.0,24690000000.0,-143000000.0,-143000000.0,-433000000.0,487000000.0,54000000.0,,,-90000000.0,-143000000.0,143000000.0,-433000000.0,487000000.0,54000000.0,,,,,,DIS,2024-12-31 00:00:00,,92000000.0,,,,,1276000000.0,1276000000.0,,,,,,,,,,,,,,,,
,-22890000.0,0.21,4991000000.0,3275000000.0,1324000000.0,14810000000.0,4882000000.0,3558000000.0,3361110000.0,3275000000.0,20115000000.0,,1814000000.0,1808000000.0,1.81,1.81,3275000000.0,3275000000.0,3275000000.0,3401000000.0,3401000000.0,-314000000.0,3087000000.0,-73000000.0,,3506000000.0,5305000000.0,,3981000000.0,8811000000.0,14810000000.0,23621000000.0,23621000000.0,-109000000.0,-109000000.0,-346000000.0,471000000.0,125000000.0,,,-126000000.0,-109000000.0,109000000.0,-346000000.0,471000000.0,125000000.0,,,,,,DIS,2025-03-31 00:00:00,,36000000.0,,,,,1324000000.0,1324000000.0,,,,,,,,,,,,,,,,
,-38850000.0,0.21,5166000000.0,5262000000.0,1332000000.0,14532000000.0,4981000000.0,3649000000.0,5408150000.0,5262000000.0,20005000000.0,,1805000000.0,1799000000.0,2.92,2.92,5262000000.0,5262000000.0,5262000000.0,5943000000.0,5943000000.0,-2732000000.0,3211000000.0,-110000000.0,,3645000000.0,5473000000.0,,4141000000.0,9118000000.0,14532000000.0,23650000000.0,23650000000.0,-185000000.0,-185000000.0,-324000000.0,438000000.0,114000000.0,,,-681000000.0,-185000000.0,185000000.0,-324000000.0,438000000.0,114000000.0,,,,,,DIS,2025-06-30 00:00:00,,75000000.0,,,,,1332000000.0,1332000000.0,,,,,,,,,,,,,,,,
,,,,,,,,,,,,,891224000.0,891224000.0,-0.02,-0.02,,,,,,,,,,,,,,,,,,,,,,,,,,0.0,,,,,,,,,,DNN,2024-03-31 00:00:00,,,,,,0.0,,,,,0.0,,,,,,,,,,,,,
,-12337.741114,0.00273,-8534000.0,-16441000.0,2663000.0,1367000.0,-13054000.0,-15717000.0,-11933337.741114,-15970000.0,14044000.0,,892230000.0,892230000.0,-0.02,-0.02,-15970000.0,-15970000.0,-15970000.0,-15970000.0,-16441000.0,-45000.0,-16486000.0,-5143000.0,-76000.0,-12718000.0,12677000.0,,3741000.0,-41000.0,1367000.0,1326000.0,1326000.0,-4520000.0,-4520000.0,1375000.0,769000.0,2144000.0,,,,0.0,,1375000.0,769000.0,2144000.0,,-4520000.0,,3741000.0,3741000.0,DNN,2024-06-30 00:00:00,,-547000.0,,8936000.0,1240000.0,471000.0,,,,,,,,,,,,,,0.0,,,,
,-74099.255774,0.006401,-12046000.0,-25767000.0,2309000.0,1030000.0,-23622000.0,-25931000.0,-14265099.255774,-25767000.0,16468000.0,,892468000.0,892468000.0,-0.03,-0.03,-25767000.0,-25767000.0,-25767000.0,-25767000.0,-25767000.0,-166000.0,-25933000.0,-11273000.0,907000.0,-15773000.0,15438000.0,,3552000.0,-335000.0,1030000.0,695000.0,695000.0,-11576000.0,-11576000.0,1113000.0,2000.0,1891000.0,,,,20000.0,,1113000.0,2000.0,1891000.0,,-11596000.0,,3552000.0,3552000.0,DNN,2024-09-30 00:00:00,,-604000.0,,11886000.0,776000.0,0.0,,,,,,,,,,,,,,20000.0,,,,
,-2490000.0,0.15,-10395000.0,-29502000.0,2401000.0,1198000.0,-26995000.0,-29396000.0,-15392000.0,-29502000.0,20443000.0,,,,,,-29502000.0,-29502000.0,-29502000.0,-29502000.0,-29502000.0,3000.0,-29499000.0,-10977000.0,3875000.0,-19273000.0,19245000.0,,5618000.0,-28000.0,1198000.0,1170000.0,1170000.0,-16600000.0,-16600000.0,751000.0,103000.0,1546000.0,,,,142000.0,,751000.0,103000.0,1546000.0,,-16742000.0,,5618000.0,5618000.0,DNN,2024-12-31 00:00:00,,1748000.0,,13627000.0,692000.0,0.0,,,,,,,,,,,,,,142000.0,,,,
,-3348098.309052,0.121555,-18826000.0,-43534000.0,2508000.0,1223000.0,-46370000.0,-48878000.0,-19338098.309052,-43534000.0,23511000.0,,895775000.0,895775000.0,-0.05,-0.05,-43534000.0,-43534000.0,-43534000.0,-43534000.0,-43534000.0,-6024000.0,-49558000.0,-28058000.0,388000.0,-22136000.0,22288000.0,,4743000.0,152000.0,1223000.0,1375000.0,1375000.0,-27544000.0,-27544000.0,636000.0,680000.0,1316000.0,,,,251000.0,,636000.0,680000.0,1316000.0,,-27795000.0,,4743000.0,4743000.0,DNN,2025-03-31 00:00:00,,-902000.0,,17545000.0,,,,,,,251000.0,,,,,,,,,,,,,
,4857000.0,0.15,-16468000.0,12498000.0,2724000.0,1386000.0,15912000.0,13188000.0,-15025000.0,12498000.0,20066000.0,,903172000.0,896322000.0,0.01,0.01,12498000.0,12498000.0,12498000.0,12498000.0,12498000.0,-83000.0,12415000.0,31037000.0,442000.0,-18790000.0,18680000.0,,4603000.0,-110000.0,1386000.0,1276000.0,1276000.0,32380000.0,32380000.0,168000.0,773000.0,941000.0,,,,,,168000.0,773000.0,941000.0,,32380000.0,,4603000.0,4603000.0,DNN,2025-06-30 00:00:00,,-1785000.0,,14077000.0,,0.0,,,,,,,,,,,,,,,,,,
,,,,,,,,,,,,,891224000.0,891224000.0,-0.02,-0.02,,,,,,,,,,,,,,,,,,,,,,,,,,0.0,,,,,,,,,,DNN,2024-03-31 00:00:00,,,,,,0.0,,,,,0.0,,,,,,,,,,,,,
,-12337.741114,0.00273,-8534000.0,-16441000.0,2663000.0,1367000.0,-13054000.0,-15717000.0,-11933337.741114,-15970000.0,14044000.0,,892230000.0,892230000.0,-0.02,-0.02,-15970000.0,-15970000.0,-15970000.0,-15970000.0,-16441000.0,-45000.0,-16486000.0,-5143000.0,-76000.0,-12718000.0,12677000.0,,3741000.0,-41000.0,1367000.0,1326000.0,1326000.0,-4520000.0,-4520000.0,1375000.0,769000.0,2144000.0,,,,0.0,,1375000.0,769000.0,2144000.0,,-4520000.0,,3741000.0,3741000.0,DNN,2024-06-30 00:00:00,,-547000.0,,8936000.0,1240000.0,471000.0,,,,,,,,,,,,,,0.0,,,,
,-74099.255774,0.006401,-12046000.0,-25767000.0,2309000.0,1030000.0,-23622000.0,-25931000.0,-14265099.255774,-25767000.0,16468000.0,,892468000.0,892468000.0,-0.03,-0.03,-25767000.0,-25767000.0,-25767000.0,-25767000.0,-25767000.0,-166000.0,-25933000.0,-11273000.0,907000.0,-15773000.0,15438000.0,,3552000.0,-335000.0,1030000.0,695000.0,695000.0,-11576000.0,-11576000.0,1113000.0,2000.0,1891000.0,,,,20000.0,,1113000.0,2000.0,1891000.0,,-11596000.0,,3552000.0,3552000.0,DNN,2024-09-30 00:00:00,,-604000.0,,11886000.0,776000.0,0.0,,,,,,,,,,,,,,20000.0,,,,
,-2490000.0,0.15,-10395000.0,-29502000.0,2401000.0,1198000.0,-26995000.0,-29396000.0,-15392000.0,-29502000.0,20443000.0,,,,,,-29502000.0,-29502000.0,-29502000.0,-29502000.0,-29502000.0,3000.0,-29499000.0,-10977000.0,3875000.0,-19273000.0,19245000.0,,5618000.0,-28000.0,1198000.0,1170000.0,1170000.0,-16600000.0,-16600000.0,751000.0,103000.0,1546000.0,,,,142000.0,,751000.0,103000.0,1546000.0,,-16742000.0,,5618000.0,5618000.0,DNN,2024-12-31 00:00:00,,1748000.0,,13627000.0,692000.0,0.0,,,,,,,,,,,,,,142000.0,,,,
,-3348098.309052,0.121555,-18826000.0,-43534000.0,2508000.0,1223000.0,-46370000.0,-48878000.0,-19338098.309052,-43534000.0,23511000.0,,895775000.0,895775000.0,-0.05,-0.05,-43534000.0,-43534000.0,-43534000.0,-43534000.0,-43534000.0,-6024000.0,-49558000.0,-28058000.0,388000.0,-22136000.0,22288000.0,,4743000.0,152000.0,1223000.0,1375000.0,1375000.0,-27544000.0,-27544000.0,636000.0,680000.0,1316000.0,,,,251000.0,,636000.0,680000.0,1316000.0,,-27795000.0,,4743000.0,4743000.0,DNN,2025-03-31 00:00:00,,-902000.0,,17545000.0,,,,,,,251000.0,,,,,,,,,,,,,
,4857000.0,0.15,-16468000.0,12498000.0,2724000.0,1386000.0,15912000.0,13188000.0,-15025000.0,12498000.0,20066000.0,,903172000.0,896322000.0,0.01,0.01,12498000.0,12498000.0,12498000.0,12498000.0,12498000.0,-83000.0,12415000.0,31037000.0,442000.0,-18790000.0,18680000.0,,4603000.0,-110000.0,1386000.0,1276000.0,1276000.0,32380000.0,32380000.0,168000.0,773000.0,941000.0,,,,,,168000.0,773000.0,941000.0,,32380000.0,,4603000.0,4603000.0,DNN,2025-06-30 00:00:00,,-1785000.0,,14077000.0,,0.0,,,,,,,,,,,,,,,,,,
,,,,,,,,,,,,,,,,,,,,,,,,-9000000.0,,,,,,,,,,,,,,,,,,,,,,,,,,,,EQIX,2024-03-31 00:00:00,,,,,,,,,,,,1000000.0,,,,,,,,0.0,,,,
,2025862.068966,0.135057,932000000.0,301000000.0,489000000.0,1082000000.0,947000000.0,458000000.0,288025862.068966,301000000.0,1738000000.0,436000000.0,95166000.0,94919000.0,3.16,3.17,301000000.0,301000000.0,301000000.0,301000000.0,301000000.0,47000000.0,348000000.0,8000000.0,-7000000.0,421000000.0,656000000.0,,656000000.0,1077000000.0,1082000000.0,2159000000.0,2159000000.0,15000000.0,15000000.0,-81000000.0,110000000.0,29000000.0,,,0.0,15000000.0,3000000.0,-81000000.0,110000000.0,29000000.0,0.0,,219000000.0,437000000.0,437000000.0,EQIX,2024-06-30 00:00:00,,,,,,,,,,,,,0.0,,,,,,,18000000.0,,,,
,-1078000.0,0.154,970000000.0,297000000.0,496000000.0,1098000000.0,963000000.0,467000000.0,302922000.0,297000000.0,1769000000.0,425000000.0,95731000.0,95394000.0,3.1,3.11,297000000.0,297000000.0,297000000.0,296000000.0,296000000.0,54000000.0,350000000.0,,7000000.0,432000000.0,671000000.0,,671000000.0,1103000000.0,1098000000.0,2201000000.0,2201000000.0,-7000000.0,-7000000.0,-82000000.0,117000000.0,35000000.0,,,1000000.0,-7000000.0,7000000.0,-82000000.0,117000000.0,35000000.0,,,237000000.0,434000000.0,434000000.0,EQIX,2024-09-30 00:00:00,,,,,,,,,,,,,,,,,,,,0.0,,,,
,0.0,0.0,941000000.0,-14000000.0,498000000.0,1196000000.0,624000000.0,126000000.0,303000000.0,-14000000.0,1856000000.0,103000000.0,96849000.0,96849000.0,-0.14,-0.14,-14000000.0,-14000000.0,-14000000.0,-14000000.0,-14000000.0,14000000.0,0.0,-328000000.0,-11000000.0,405000000.0,660000000.0,,660000000.0,1065000000.0,1196000000.0,2261000000.0,2261000000.0,-317000000.0,-317000000.0,-77000000.0,126000000.0,49000000.0,,,0.0,-317000000.0,69000000.0,-77000000.0,126000000.0,49000000.0,,,209000000.0,451000000.0,451000000.0,EQIX,2024-12-31 00:00:00,,,,,,,,,,,,15000000.0,,,,,,,,0.0,,,,
,-2000000.0,0.125,1009000000.0,343000000.0,479000000.0,1084000000.0,993000000.0,514000000.0,357000000.0,343000000.0,1751000000.0,458000000.0,97887000.0,97514000.0,3.5,3.52,343000000.0,343000000.0,343000000.0,343000000.0,343000000.0,49000000.0,392000000.0,-7000000.0,9000000.0,474000000.0,667000000.0,,667000000.0,1141000000.0,1084000000.0,2225000000.0,2225000000.0,-16000000.0,-16000000.0,-75000000.0,122000000.0,47000000.0,,,0.0,-16000000.0,16000000.0,-75000000.0,122000000.0,47000000.0,,,229000000.0,438000000.0,438000000.0,EQIX,2025-03-31 00:00:00,,,,,,,,,,,,,,,,,,,,,,,,
,-470000.0,0.094,1044000000.0,368000000.0,499000000.0,1084000000.0,1039000000.0,540000000.0,372530000.0,368000000.0,1756000000.0,494000000.0,98050000.0,97835000.0,3.75,3.76,368000000.0,368000000.0,368000000.0,367000000.0,367000000.0,38000000.0,405000000.0,-12000000.0,-7000000.0,500000000.0,672000000.0,,672000000.0,1172000000.0,1084000000.0,2256000000.0,2256000000.0,-5000000.0,-5000000.0,-83000000.0,135000000.0,52000000.0,,,1000000.0,-5000000.0,5000000.0,-83000000.0,135000000.0,52000000.0,1000000.0,,221000000.0,451000000.0,451000000.0,EQIX,2025-06-30 00:00:00,,,,,,,,,,,,-1000000.0,1000000.0,,,,,,,0.0,,,,
,,,,,,,,,,,,,,,,,,,,,,,,-9000000.0,,,,,,,,,,,,,,,,,,,,,,,,,,,,EQIX,2024-03-31 00:00:00,,,,,,,,,,,,1000000.0,,,,,,,,0.0,,,,
,2025862.068966,0.135057,932000000.0,301000000.0,489000000.0,1082000000.0,947000000.0,458000000.0,288025862.068966,301000000.0,1738000000.0,436000000.0,95166000.0,94919000.0,3.16,3.17,301000000.0,301000000.0,301000000.0,301000000.0,301000000.0,47000000.0,348000000.0,8000000.0,-7000000.0,421000000.0,656000000.0,,656000000.0,1077000000.0,1082000000.0,2159000000.0,2159000000.0,15000000.0,15000000.0,-81000000.0,110000000.0,29000000.0,,,0.0,15000000.0,3000000.0,-81000000.0,110000000.0,29000000.0,0.0,,219000000.0,437000000.0,437000000.0,EQIX,2024-06-30 00:00:00,,,,,,,,,,,,,0.0,,,,,,,18000000.0,,,,
,-1078000.0,0.154,970000000.0,297000000.0,496000000.0,1098000000.0,963000000.0,467000000.0,302922000.0,297000000.0,1769000000.0,425000000.0,95731000.0,95394000.0,3.1,3.11,297000000.0,297000000.0,297000000.0,296000000.0,296000000.0,54000000.0,350000000.0,,7000000.0,432000000.0,671000000.0,,671000000.0,1103000000.0,1098000000.0,2201000000.0,2201000000.0,-7000000.0,-7000000.0,-82000000.0,117000000.0,35000000.0,,,1000000.0,-7000000.0,7000000.0,-82000000.0,117000000.0,35000000.0,,,237000000.0,434000000.0,434000000.0,EQIX,2024-09-30 00:00:00,,,,,,,,,,,,,,,,,,,,0.0,,,,
,0.0,0.0,941000000.0,-14000000.0,498000000.0,1196000000.0,624000000.0,126000000.0,303000000.0,-14000000.0,1856000000.0,103000000.0,96849000.0,96849000.0,-0.14,-0.14,-14000000.0,-14000000.0,-14000000.0,-14000000.0,-14000000.0,14000000.0,0.0,-328000000.0,-11000000.0,405000000.0,660000000.0,,660000000.0,1065000000.0,1196000000.0,2261000000.0,2261000000.0,-317000000.0,-317000000.0,-77000000.0,126000000.0,49000000.0,,,0.0,-317000000.0,69000000.0,-77000000.0,126000000.0,49000000.0,,,209000000.0,451000000.0,451000000.0,EQIX,2024-12-31 00:00:00,,,,,,,,,,,,15000000.0,,,,,,,,0.0,,,,
,-2000000.0,0.125,1009000000.0,343000000.0,479000000.0,1084000000.0,993000000.0,514000000.0,357000000.0,343000000.0,1751000000.0,458000000.0,97887000.0,97514000.0,3.5,3.52,343000000.0,343000000.0,343000000.0,343000000.0,343000000.0,49000000.0,392000000.0,-7000000.0,9000000.0,474000000.0,667000000.0,,667000000.0,1141000000.0,1084000000.0,2225000000.0,2225000000.0,-16000000.0,-16000000.0,-75000000.0,122000000.0,47000000.0,,,0.0,-16000000.0,16000000.0,-75000000.0,122000000.0,47000000.0,,,229000000.0,438000000.0,438000000.0,EQIX,2025-03-31 00:00:00,,,,,,,,,,,,,,,,,,,,,,,,
,-470000.0,0.094,1044000000.0,368000000.0,499000000.0,1084000000.0,1039000000.0,540000000.0,372530000.0,368000000.0,1756000000.0,494000000.0,98050000.0,97835000.0,3.75,3.76,368000000.0,368000000.0,368000000.0,367000000.0,367000000.0,38000000.0,405000000.0,-12000000.0,-7000000.0,500000000.0,672000000.0,,672000000.0,1172000000.0,1084000000.0,2256000000.0,2256000000.0,-5000000.0,-5000000.0,-83000000.0,135000000.0,52000000.0,,,1000000.0,-5000000.0,5000000.0,-83000000.0,135000000.0,52000000.0,1000000.0,,221000000.0,451000000.0,451000000.0,EQIX,2025-06-30 00:00:00,,,,,,,,,,,,-1000000.0,1000000.0,,,,,,,0.0,,,,
,0.0,0.168,1451000000.0,993000000.0,227000000.0,3940000000.0,1451000000.0,1224000000.0,993000000.0,993000000.0,5157000000.0,,401000000.0,399200000.0,2.48,2.49,993000000.0,993000000.0,993000000.0,994000000.0,994000000.0,201000000.0,1195000000.0,32000000.0,32000000.0,1193000000.0,1217000000.0,196000000.0,1021000000.0,2410000000.0,3940000000.0,6350000000.0,6350000000.0,,,-29000000.0,29000000.0,,,,-1000000.0,,,-29000000.0,29000000.0,,,,,,,ETN,2024-06-30 00:00:00,,,,,,,,,,,,,,,,,,,,,,,,
,0.0,0.161,1468000000.0,1009000000.0,235000000.0,3899000000.0,1468000000.0,1233000000.0,1009000000.0,1009000000.0,5134000000.0,,398900000.0,397100000.0,2.53,2.54,1009000000.0,1009000000.0,1009000000.0,1011000000.0,1011000000.0,193000000.0,1204000000.0,22000000.0,22000000.0,1211000000.0,1235000000.0,207000000.0,1028000000.0,2446000000.0,3899000000.0,6345000000.0,6345000000.0,,,-29000000.0,29000000.0,,,,-1000000.0,,,-29000000.0,29000000.0,,,,,,,ETN,2024-09-30 00:00:00,,,,,,,,,,,,,,,,,,,,,,,,
,0.0,0.167095,1443000000.0,971000000.0,234000000.0,3811000000.0,1443000000.0,1209000000.0,971000000.0,971000000.0,5015000000.0,,396000000.0,394100000.0,2.45,2.46,971000000.0,971000000.0,971000000.0,971000000.0,972000000.0,195000000.0,1167000000.0,-16000000.0,-16000000.0,1225000000.0,1204000000.0,201000000.0,1003000000.0,2429000000.0,3811000000.0,6240000000.0,6240000000.0,,,-42000000.0,42000000.0,,,,0.0,,,-42000000.0,42000000.0,,,,,,,ETN,2024-12-31 00:00:00,,,,,,,,,,,,,,,,,,,,,,,,
,0.0,0.18,1442000000.0,964000000.0,232000000.0,3930000000.0,1442000000.0,1210000000.0,964000000.0,964000000.0,5176000000.0,,393600000.0,392200000.0,2.45,2.46,964000000.0,964000000.0,964000000.0,965000000.0,965000000.0,212000000.0,1177000000.0,9000000.0,9000000.0,1201000000.0,1246000000.0,198000000.0,1048000000.0,2447000000.0,3930000000.0,6377000000.0,6377000000.0,,,-33000000.0,33000000.0,,,,-1000000.0,,,-33000000.0,33000000.0,,,,,,,ETN,2025-03-31 00:00:00,,,,,,,,,,,,,,,,,,,,,,,,
,0.0,0.172,1518000000.0,982000000.0,261000000.0,4431000000.0,1518000000.0,1257000000.0,982000000.0,982000000.0,5772000000.0,,391400000.0,390300000.0,2.51,2.52,982000000.0,982000000.0,982000000.0,982000000.0,983000000.0,203000000.0,1186000000.0,1000000.0,1000000.0,1256000000.0,1341000000.0,192000000.0,1149000000.0,2597000000.0,4431000000.0,7028000000.0,7028000000.0,,,-71000000.0,71000000.0,,,,-1000000.0,,,-71000000.0,71000000.0,,,,,,,ETN,2025-06-30 00:00:00,,,,,,,,,,,,,,,,,,,,,,,,
,0.0,0.168,1451000000.0,993000000.0,227000000.0,3940000000.0,1451000000.0,1224000000.0,993000000.0,993000000.0,5157000000.0,,401000000.0,399200000.0,2.48,2.49,993000000.0,993000000.0,993000000.0,994000000.0,994000000.0,201000000.0,1195000000.0,32000000.0,32000000.0,1193000000.0,1217000000.0,196000000.0,1021000000.0,2410000000.0,3940000000.0,6350000000.0,6350000000.0,,,-29000000.0,29000000.0,,,,-1000000.0,,,-29000000.0,29000000.0,,,,,,,ETN,2024-06-30 00:00:00,,,,,,,,,,,,,,,,,,,,,,,,
,0.0,0.161,1468000000.0,1009000000.0,235000000.0,3899000000.0,1468000000.0,1233000000.0,1009000000.0,1009000000.0,5134000000.0,,398900000.0,397100000.0,2.53,2.54,1009000000.0,1009000000.0,1009000000.0,1011000000.0,1011000000.0,193000000.0,1204000000.0,22000000.0,22000000.0,1211000000.0,1235000000.0,207000000.0,1028000000.0,2446000000.0,3899000000.0,6345000000.0,6345000000.0,,,-29000000.0,29000000.0,,,,-1000000.0,,,-29000000.0,29000000.0,,,,,,,ETN,2024-09-30 00:00:00,,,,,,,,,,,,,,,,,,,,,,,,
,0.0,0.167095,1443000000.0,971000000.0,234000000.0,3811000000.0,1443000000.0,1209000000.0,971000000.0,971000000.0,5015000000.0,,396000000.0,394100000.0,2.45,2.46,971000000.0,971000000.0,971000000.0,971000000.0,972000000.0,195000000.0,1167000000.0,-16000000.0,-16000000.0,1225000000.0,1204000000.0,201000000.0,1003000000.0,2429000000.0,3811000000.0,6240000000.0,6240000000.0,,,-42000000.0,42000000.0,,,,0.0,,,-42000000.0,42000000.0,,,,,,,ETN,2024-12-31 00:00:00,,,,,,,,,,,,,,,,,,,,,,,,
,0.0,0.18,1442000000.0,964000000.0,232000000.0,3930000000.0,1442000000.0,1210000000.0,964000000.0,964000000.0,5176000000.0,,393600000.0,392200000.0,2.45,2.46,964000000.0,964000000.0,964000000.0,965000000.0,965000000.0,212000000.0,1177000000.0,9000000.0,9000000.0,1201000000.0,1246000000.0,198000000.0,1048000000.0,2447000000.0,3930000000.0,6377000000.0,6377000000.0,,,-33000000.0,33000000.0,,,,-1000000.0,,,-33000000.0,33000000.0,,,,,,,ETN,2025-03-31 00:00:00,,,,,,,,,,,,,,,,,,,,,,,,
,0.0,0.172,1518000000.0,982000000.0,261000000.0,4431000000.0,1518000000.0,1257000000.0,982000000.0,982000000.0,5772000000.0,,391400000.0,390300000.0,2.51,2.52,982000000.0,982000000.0,982000000.0,982000000.0,983000000.0,203000000.0,1186000000.0,1000000.0,1000000.0,1256000000.0,1341000000.0,192000000.0,1149000000.0,2597000000.0,4431000000.0,7028000000.0,7028000000.0,,,-71000000.0,71000000.0,,,,-1000000.0,,,-71000000.0,71000000.0,,,,,,,ETN,2025-06-30 00:00:00,,,,,,,,,,,,,,,,,,,,,,,,
,,,,,,,,,,,,,,,,,,,,,,,,,,,,,,,,,,,,,,,,,,,,,,,,,,,1026000000.0,GE,2024-03-31 00:00:00,,,,,,,,,,,,,,,,,,,,,,,,
,-40334000.0,0.086,2447000000.0,1320000000.0,283000000.0,5575000000.0,1978000000.0,1695000000.0,1748666000.0,1266000000.0,7466000000.0,,1100000000.0,1089000000.0,1.15,1.16,1266000000.0,1266000000.0,1266000000.0,1268000000.0,1322000000.0,125000000.0,1447000000.0,-134000000.0,301000000.0,1627000000.0,1891000000.0,300000000.0,1591000000.0,3518000000.0,5575000000.0,9093000000.0,9093000000.0,-469000000.0,-469000000.0,-48000000.0,248000000.0,200000000.0,,,-2000000.0,-469000000.0,75000000.0,-48000000.0,248000000.0,200000000.0,,,,1591000000.0,924000000.0,GE,2024-06-30 00:00:00,,34000000.0,,,,-54000000.0,,,,,-394000000.0,,,667000000.0,,,,,,,,,,
,40740000.0,0.105,2069000000.0,1705000000.0,313000000.0,6226000000.0,2457000000.0,2144000000.0,1357740000.0,1852000000.0,8601000000.0,,1098000000.0,1093000000.0,1.7,1.71,1852000000.0,1852000000.0,1852000000.0,1842000000.0,1695000000.0,198000000.0,1893000000.0,717000000.0,301000000.0,1241000000.0,2375000000.0,331000000.0,2044000000.0,3616000000.0,6226000000.0,9842000000.0,9842000000.0,388000000.0,388000000.0,-64000000.0,251000000.0,187000000.0,,,10000000.0,388000000.0,74000000.0,-64000000.0,251000000.0,187000000.0,,357000000.0,1330000000.0,714000000.0,,GE,2024-09-30 00:00:00,,28000000.0,,,,147000000.0,,,,,713000000.0,,251000000.0,714000000.0,,,,,,,,,,
,-112660270.388138,0.172263,3469000000.0,1905000000.0,298000000.0,6762000000.0,2815000000.0,2517000000.0,2446339729.611862,1899000000.0,8206000000.0,,1085142857.0,1078977273.0,1.75,1.76,1899000000.0,1899000000.0,1899000000.0,1890000000.0,1897000000.0,395000000.0,2293000000.0,-287000000.0,301000000.0,2605000000.0,1444000000.0,385000000.0,1059000000.0,4049000000.0,6762000000.0,10811000000.0,10811000000.0,-654000000.0,-654000000.0,-27000000.0,224000000.0,197000000.0,,,7000000.0,-654000000.0,603000000.0,-27000000.0,224000000.0,197000000.0,,,,4339000000.0,,GE,2024-12-31 00:00:00,,66000000.0,,,,-6000000.0,,,,,-51000000.0,,0.0,421000000.0,,,,,,,,,,
,-4788000.0,0.126,2792000000.0,1968000000.0,299000000.0,5995000000.0,2754000000.0,2455000000.0,2001212000.0,1978000000.0,7931000000.0,,1078000000.0,1070000000.0,1.83,1.85,1978000000.0,1978000000.0,1978000000.0,1972000000.0,1962000000.0,283000000.0,2245000000.0,279000000.0,279000000.0,2003000000.0,1936000000.0,359000000.0,1577000000.0,3939000000.0,5995000000.0,9934000000.0,9934000000.0,-38000000.0,-38000000.0,-37000000.0,210000000.0,173000000.0,,,5000000.0,-38000000.0,51000000.0,-37000000.0,210000000.0,173000000.0,,,,1577000000.0,876000000.0,GE,2025-03-31 00:00:00,,38000000.0,,,,10000000.0,,,,,13000000.0,,,701000000.0,,,,,,,,,,
,-7128000.0,0.162,2902000000.0,2007000000.0,311000000.0,6846000000.0,2858000000.0,2547000000.0,2043872000.0,2028000000.0,8923000000.0,,1073015873.0,1061780105.0,1.89,1.91,2028000000.0,2028000000.0,2028000000.0,2021000000.0,2000000000.0,388000000.0,2389000000.0,287000000.0,293000000.0,2099000000.0,2077000000.0,359000000.0,1718000000.0,4176000000.0,6846000000.0,11022000000.0,11022000000.0,-44000000.0,-44000000.0,2000000.0,158000000.0,160000000.0,,,7000000.0,-44000000.0,47000000.0,2000000.0,158000000.0,160000000.0,,,,1718000000.0,1020000000.0,GE,2025-06-30 00:00:00,,38000000.0,,,,21000000.0,,,,,3000000.0,,,698000000.0,,,,,,,,,,
,,,,,,,,,,,,,,,,,,,,,,,,,,,,,,,,,,,,,,,,,,,,,,,,,,,1026000000.0,GE,2024-03-31 00:00:00,,,,,,,,,,,,,,,,,,,,,,,,
,-40334000.0,0.086,2447000000.0,1320000000.0,283000000.0,5575000000.0,1978000000.0,1695000000.0,1748666000.0,1266000000.0,7466000000.0,,1100000000.0,1089000000.0,1.15,1.16,1266000000.0,1266000000.0,1266000000.0,1268000000.0,1322000000.0,125000000.0,1447000000.0,-134000000.0,301000000.0,1627000000.0,1891000000.0,300000000.0,1591000000.0,3518000000.0,5575000000.0,9093000000.0,9093000000.0,-469000000.0,-469000000.0,-48000000.0,248000000.0,200000000.0,,,-2000000.0,-469000000.0,75000000.0,-48000000.0,248000000.0,200000000.0,,,,1591000000.0,924000000.0,GE,2024-06-30 00:00:00,,34000000.0,,,,-54000000.0,,,,,-394000000.0,,,667000000.0,,,,,,,,,,
,40740000.0,0.105,2069000000.0,1705000000.0,313000000.0,6226000000.0,2457000000.0,2144000000.0,1357740000.0,1852000000.0,8601000000.0,,1098000000.0,1093000000.0,1.7,1.71,1852000000.0,1852000000.0,1852000000.0,1842000000.0,1695000000.0,198000000.0,1893000000.0,717000000.0,301000000.0,1241000000.0,2375000000.0,331000000.0,2044000000.0,3616000000.0,6226000000.0,9842000000.0,9842000000.0,388000000.0,388000000.0,-64000000.0,251000000.0,187000000.0,,,10000000.0,388000000.0,74000000.0,-64000000.0,251000000.0,187000000.0,,357000000.0,1330000000.0,714000000.0,,GE,2024-09-30 00:00:00,,28000000.0,,,,147000000.0,,,,,713000000.0,,251000000.0,714000000.0,,,,,,,,,,
,-112660270.388138,0.172263,3469000000.0,1905000000.0,298000000.0,6762000000.0,2815000000.0,2517000000.0,2446339729.611862,1899000000.0,8206000000.0,,1085142857.0,1078977273.0,1.75,1.76,1899000000.0,1899000000.0,1899000000.0,1890000000.0,1897000000.0,395000000.0,2293000000.0,-287000000.0,301000000.0,2605000000.0,1444000000.0,385000000.0,1059000000.0,4049000000.0,6762000000.0,10811000000.0,10811000000.0,-654000000.0,-654000000.0,-27000000.0,224000000.0,197000000.0,,,7000000.0,-654000000.0,603000000.0,-27000000.0,224000000.0,197000000.0,,,,4339000000.0,,GE,2024-12-31 00:00:00,,66000000.0,,,,-6000000.0,,,,,-51000000.0,,0.0,421000000.0,,,,,,,,,,
,-4788000.0,0.126,2792000000.0,1968000000.0,299000000.0,5995000000.0,2754000000.0,2455000000.0,2001212000.0,1978000000.0,7931000000.0,,1078000000.0,1070000000.0,1.83,1.85,1978000000.0,1978000000.0,1978000000.0,1972000000.0,1962000000.0,283000000.0,2245000000.0,279000000.0,279000000.0,2003000000.0,1936000000.0,359000000.0,1577000000.0,3939000000.0,5995000000.0,9934000000.0,9934000000.0,-38000000.0,-38000000.0,-37000000.0,210000000.0,173000000.0,,,5000000.0,-38000000.0,51000000.0,-37000000.0,210000000.0,173000000.0,,,,1577000000.0,876000000.0,GE,2025-03-31 00:00:00,,38000000.0,,,,10000000.0,,,,,13000000.0,,,701000000.0,,,,,,,,,,
,-7128000.0,0.162,2902000000.0,2007000000.0,311000000.0,6846000000.0,2858000000.0,2547000000.0,2043872000.0,2028000000.0,8923000000.0,,1073015873.0,1061780105.0,1.89,1.91,2028000000.0,2028000000.0,2028000000.0,2021000000.0,2000000000.0,388000000.0,2389000000.0,287000000.0,293000000.0,2099000000.0,2077000000.0,359000000.0,1718000000.0,4176000000.0,6846000000.0,11022000000.0,11022000000.0,-44000000.0,-44000000.0,2000000.0,158000000.0,160000000.0,,,7000000.0,-44000000.0,47000000.0,2000000.0,158000000.0,160000000.0,,,,1718000000.0,1020000000.0,GE,2025-06-30 00:00:00,,38000000.0,,,,21000000.0,,,,,3000000.0,,,698000000.0,,,,,,,,,,
,,,,,,,,,,,,,,,,,,,,,,,,,,,,,,,,,,,,,,,,,,,,,,,,,,,,GOOGL,2024-03-31 00:00:00,1641000000.0,-26000000.0,,,,,,,,,,,,,,,,,,,,,,
,-166595000.0,0.143,32491000000.0,23619000000.0,3708000000.0,35507000000.0,31326000000.0,27618000000.0,24617405000.0,23619000000.0,57317000000.0,27425000000.0,12495000000.0,12343000000.0,1.89,1.91,23619000000.0,23619000000.0,23619000000.0,23619000000.0,23619000000.0,3932000000.0,27551000000.0,-897000000.0,268000000.0,27425000000.0,21810000000.0,11860000000.0,9950000000.0,49235000000.0,35507000000.0,84742000000.0,84742000000.0,-1165000000.0,-1165000000.0,1023000000.0,67000000.0,1090000000.0,,,,32000000.0,,1023000000.0,67000000.0,1090000000.0,-32000000.0,-1197000000.0,6792000000.0,3158000000.0,3158000000.0,GOOGL,2024-06-30 00:00:00,,32000000.0,,,,,,,,,,,,,,,,,,,,,,
,322490000.0,0.17,33848000000.0,26301000000.0,3985000000.0,36474000000.0,35745000000.0,31760000000.0,24726490000.0,26301000000.0,59747000000.0,28521000000.0,12419000000.0,12290000000.0,2.12,2.14,26301000000.0,26301000000.0,26301000000.0,26301000000.0,26301000000.0,5405000000.0,31706000000.0,1996000000.0,99000000.0,28521000000.0,23273000000.0,12447000000.0,10826000000.0,51794000000.0,36474000000.0,88268000000.0,88268000000.0,1897000000.0,1897000000.0,1189000000.0,54000000.0,1243000000.0,,,,-107000000.0,,1189000000.0,54000000.0,1243000000.0,107000000.0,2004000000.0,7227000000.0,3599000000.0,3599000000.0,GOOGL,2024-09-30 00:00:00,,-107000000.0,,,,,,,,,,,,,,,,,,,,,,
,-30974940.297119,0.177,36676000000.0,26536000000.0,4205000000.0,40613000000.0,36501000000.0,32296000000.0,26680025059.70288,26536000000.0,65497000000.0,30972000000.0,12348000000.0,12228000000.0,2.15,2.17,26536000000.0,26536000000.0,26536000000.0,26536000000.0,26536000000.0,5707000000.0,32243000000.0,236000000.0,411000000.0,30972000000.0,24884000000.0,13116000000.0,11768000000.0,55856000000.0,40613000000.0,96469000000.0,96469000000.0,-175000000.0,-175000000.0,1035000000.0,53000000.0,1088000000.0,,,,-87000000.0,,1035000000.0,53000000.0,1088000000.0,87000000.0,-88000000.0,7363000000.0,4405000000.0,4405000000.0,GOOGL,2024-12-31 00:00:00,,-87000000.0,,,,,,,,,,,,,,,,,,,,,,
,1700936000.0,0.173,36478000000.0,34540000000.0,4487000000.0,36361000000.0,46310000000.0,41823000000.0,26408936000.0,34540000000.0,59628000000.0,30606000000.0,12291000000.0,12183000000.0,2.81,2.84,34540000000.0,34540000000.0,34540000000.0,34540000000.0,34540000000.0,7249000000.0,41789000000.0,10216000000.0,384000000.0,30606000000.0,23267000000.0,13556000000.0,9711000000.0,53873000000.0,36361000000.0,90234000000.0,90234000000.0,9832000000.0,9832000000.0,967000000.0,34000000.0,1001000000.0,,,,-22000000.0,,967000000.0,34000000.0,1001000000.0,22000000.0,9854000000.0,6172000000.0,3539000000.0,3539000000.0,GOOGL,2025-03-31 00:00:00,2415000000.0,-22000000.0,,,,,,,,,,,,,,,,,,,,,,
,304369000.0,0.169,37391000000.0,28196000000.0,4998000000.0,39039000000.0,39192000000.0,34194000000.0,26699369000.0,28196000000.0,65157000000.0,31271000000.0,12198000000.0,12122000000.0,2.31,2.33,28196000000.0,28196000000.0,28196000000.0,28196000000.0,28196000000.0,5737000000.0,33933000000.0,1873000000.0,72000000.0,31271000000.0,26118000000.0,13808000000.0,12310000000.0,57389000000.0,39039000000.0,96428000000.0,96428000000.0,1801000000.0,1801000000.0,789000000.0,261000000.0,1050000000.0,,,,419000000.0,,789000000.0,261000000.0,1050000000.0,-419000000.0,1382000000.0,7101000000.0,5209000000.0,5209000000.0,GOOGL,2025-06-30 00:00:00,,,,,,,,,,,,,,,,,,,,,,,,
,,,,,,,,,,,,,,,,,,,,,,,,,,,,,,,,,,,,,,,,,,,,,,,,,,,,GOOGL,2024-03-31 00:00:00,1641000000.0,-26000000.0,,,,,,,,,,,,,,,,,,,,,,
,-166595000.0,0.143,32491000000.0,23619000000.0,3708000000.0,35507000000.0,31326000000.0,27618000000.0,24617405000.0,23619000000.0,57317000000.0,27425000000.0,12495000000.0,12343000000.0,1.89,1.91,23619000000.0,23619000000.0,23619000000.0,23619000000.0,23619000000.0,3932000000.0,27551000000.0,-897000000.0,268000000.0,27425000000.0,21810000000.0,11860000000.0,9950000000.0,49235000000.0,35507000000.0,84742000000.0,84742000000.0,-1165000000.0,-1165000000.0,1023000000.0,67000000.0,1090000000.0,,,,32000000.0,,1023000000.0,67000000.0,1090000000.0,-32000000.0,-1197000000.0,6792000000.0,3158000000.0,3158000000.0,GOOGL,2024-06-30 00:00:00,,32000000.0,,,,,,,,,,,,,,,,,,,,,,
,322490000.0,0.17,33848000000.0,26301000000.0,3985000000.0,36474000000.0,35745000000.0,31760000000.0,24726490000.0,26301000000.0,59747000000.0,28521000000.0,12419000000.0,12290000000.0,2.12,2.14,26301000000.0,26301000000.0,26301000000.0,26301000000.0,26301000000.0,5405000000.0,31706000000.0,1996000000.0,99000000.0,28521000000.0,23273000000.0,12447000000.0,10826000000.0,51794000000.0,36474000000.0,88268000000.0,88268000000.0,1897000000.0,1897000000.0,1189000000.0,54000000.0,1243000000.0,,,,-107000000.0,,1189000000.0,54000000.0,1243000000.0,107000000.0,2004000000.0,7227000000.0,3599000000.0,3599000000.0,GOOGL,2024-09-30 00:00:00,,-107000000.0,,,,,,,,,,,,,,,,,,,,,,
,-30974940.297119,0.177,36676000000.0,26536000000.0,4205000000.0,40613000000.0,36501000000.0,32296000000.0,26680025059.70288,26536000000.0,65497000000.0,30972000000.0,12348000000.0,12228000000.0,2.15,2.17,26536000000.0,26536000000.0,26536000000.0,26536000000.0,26536000000.0,5707000000.0,32243000000.0,236000000.0,411000000.0,30972000000.0,24884000000.0,13116000000.0,11768000000.0,55856000000.0,40613000000.0,96469000000.0,96469000000.0,-175000000.0,-175000000.0,1035000000.0,53000000.0,1088000000.0,,,,-87000000.0,,1035000000.0,53000000.0,1088000000.0,87000000.0,-88000000.0,7363000000.0,4405000000.0,4405000000.0,GOOGL,2024-12-31 00:00:00,,-87000000.0,,,,,,,,,,,,,,,,,,,,,,
,1700936000.0,0.173,36478000000.0,34540000000.0,4487000000.0,36361000000.0,46310000000.0,41823000000.0,26408936000.0,34540000000.0,59628000000.0,30606000000.0,12291000000.0,12183000000.0,2.81,2.84,34540000000.0,34540000000.0,34540000000.0,34540000000.0,34540000000.0,7249000000.0,41789000000.0,10216000000.0,384000000.0,30606000000.0,23267000000.0,13556000000.0,9711000000.0,53873000000.0,36361000000.0,90234000000.0,90234000000.0,9832000000.0,9832000000.0,967000000.0,34000000.0,1001000000.0,,,,-22000000.0,,967000000.0,34000000.0,1001000000.0,22000000.0,9854000000.0,6172000000.0,3539000000.0,3539000000.0,GOOGL,2025-03-31 00:00:00,2415000000.0,-22000000.0,,,,,,,,,,,,,,,,,,,,,,
,304369000.0,0.169,37391000000.0,28196000000.0,4998000000.0,39039000000.0,39192000000.0,34194000000.0,26699369000.0,28196000000.0,65157000000.0,31271000000.0,12198000000.0,12122000000.0,2.31,2.33,28196000000.0,28196000000.0,28196000000.0,28196000000.0,28196000000.0,5737000000.0,33933000000.0,1873000000.0,72000000.0,31271000000.0,26118000000.0,13808000000.0,12310000000.0,57389000000.0,39039000000.0,96428000000.0,96428000000.0,1801000000.0,1801000000.0,789000000.0,261000000.0,1050000000.0,,,,419000000.0,,789000000.0,261000000.0,1050000000.0,-419000000.0,1382000000.0,7101000000.0,5209000000.0,5209000000.0,GOOGL,2025-06-30 00:00:00,,,,,,,,,,,,,,,,,,,,,,,,
,,,,,,,,,,,,,,,,,,,,,,,,,,,,,,,,,,,,,,,,,,,,,,,,,,,,GS,2024-03-31 00:00:00,,,,,,,,,,,,,80000000.0,,,,,,,,,,,
,-23184882.533197,0.222932,,3043000000.0,646000000.0,,,,3123815117.466803,3043000000.0,,,335500000.0,329800000.0,8.62,8.73,2891000000.0,2891000000.0,3043000000.0,3043000000.0,3043000000.0,873000000.0,3916000000.0,,,,,,4393000000.0,,,12731000000.0,12731000000.0,-104000000.0,-104000000.0,1990000000.0,18450000000.0,20440000000.0,,,,-104000000.0,,,,,,0.0,153000000.0,4240000000.0,,GS,2024-06-30 00:00:00,,,,,,,646000000.0,646000000.0,,,,104000000.0,99000000.0,,4240000000.0,,,,152000000.0,,244000000.0,393000000.0,2753000000.0,
,-24006019.563582,0.250063,,2990000000.0,621000000.0,,,,3061993980.436418,2990000000.0,,,330800000.0,324800000.0,8.4,8.52,2780000000.0,2780000000.0,2990000000.0,2990000000.0,2990000000.0,997000000.0,3987000000.0,,,,,,4281000000.0,,,12699000000.0,12699000000.0,-96000000.0,-96000000.0,2623000000.0,18825000000.0,21448000000.0,,,,-96000000.0,,,,,,0.0,159000000.0,4122000000.0,,GS,2024-09-30 00:00:00,,,,,,,549000000.0,549000000.0,,,,24000000.0,72000000.0,,4122000000.0,,,,210000000.0,,242000000.0,400000000.0,2747000000.0,
,-3705915.921628,0.217995,,4111000000.0,498000000.0,,,,4124294084.078372,4111000000.0,,,328400000.0,322400000.0,11.95,12.13,3923000000.0,3923000000.0,4111000000.0,4111000000.0,4111000000.0,1146000000.0,5257000000.0,,,,,,3940000000.0,,,13869000000.0,13869000000.0,-17000000.0,-17000000.0,1583000000.0,18371000000.0,19954000000.0,,,,-17000000.0,,,,,,0.0,181000000.0,3759000000.0,,GS,2024-12-31 00:00:00,,,,,,,698000000.0,698000000.0,,,,-11000000.0,28000000.0,,3759000000.0,,,,188000000.0,,240000000.0,475000000.0,2891000000.0,
,1771000.0,0.161,,4738000000.0,506000000.0,,,,4728771000.0,4738000000.0,,,324500000.0,320800000.0,14.12,14.25,4583000000.0,4583000000.0,4738000000.0,4738000000.0,4738000000.0,909000000.0,5647000000.0,,,,,,5032000000.0,,,15062000000.0,15062000000.0,11000000.0,11000000.0,2895000000.0,16488000000.0,19383000000.0,,,,11000000.0,,,,,,0.0,156000000.0,4876000000.0,,GS,2025-03-31 00:00:00,,,,,,,506000000.0,506000000.0,,,,-11000000.0,,,4876000000.0,,,,155000000.0,,233000000.0,424000000.0,2944000000.0,
,-249092.375958,0.249092,,3723000000.0,618000000.0,,,,3723750907.624042,3723000000.0,,,318300000.0,313700000.0,10.91,11.03,3473000000.0,3473000000.0,3723000000.0,3723000000.0,3723000000.0,1235000000.0,4958000000.0,,,,,,4852000000.0,,,14583000000.0,14583000000.0,-1000000.0,-1000000.0,3104000000.0,16685000000.0,19789000000.0,,,,-1000000.0,,,,,,0.0,167000000.0,4685000000.0,,GS,2025-06-30 00:00:00,,,,,,,618000000.0,618000000.0,,,,1000000.0,,,4685000000.0,,,,250000000.0,,234000000.0,440000000.0,3096000000.0,
,,,,,,,,,,,,,,,,,,,,,,,,,,,,,,,,,,,,,,,,,,,,,,,,,,,,GS,2024-03-31 00:00:00,,,,,,,,,,,,,80000000.0,,,,,,,,,,,
,-23184882.533197,0.222932,,3043000000.0,646000000.0,,,,3123815117.466803,3043000000.0,,,335500000.0,329800000.0,8.62,8.73,2891000000.0,2891000000.0,3043000000.0,3043000000.0,3043000000.0,873000000.0,3916000000.0,,,,,,4393000000.0,,,12731000000.0,12731000000.0,-104000000.0,-104000000.0,1990000000.0,18450000000.0,20440000000.0,,,,-104000000.0,,,,,,0.0,153000000.0,4240000000.0,,GS,2024-06-30 00:00:00,,,,,,,646000000.0,646000000.0,,,,104000000.0,99000000.0,,4240000000.0,,,,152000000.0,,244000000.0,393000000.0,2753000000.0,
,-24006019.563582,0.250063,,2990000000.0,621000000.0,,,,3061993980.436418,2990000000.0,,,330800000.0,324800000.0,8.4,8.52,2780000000.0,2780000000.0,2990000000.0,2990000000.0,2990000000.0,997000000.0,3987000000.0,,,,,,4281000000.0,,,12699000000.0,12699000000.0,-96000000.0,-96000000.0,2623000000.0,18825000000.0,21448000000.0,,,,-96000000.0,,,,,,0.0,159000000.0,4122000000.0,,GS,2024-09-30 00:00:00,,,,,,,549000000.0,549000000.0,,,,24000000.0,72000000.0,,4122000000.0,,,,210000000.0,,242000000.0,400000000.0,2747000000.0,
,-3705915.921628,0.217995,,4111000000.0,498000000.0,,,,4124294084.078372,4111000000.0,,,328400000.0,322400000.0,11.95,12.13,3923000000.0,3923000000.0,4111000000.0,4111000000.0,4111000000.0,1146000000.0,5257000000.0,,,,,,3940000000.0,,,13869000000.0,13869000000.0,-17000000.0,-17000000.0,1583000000.0,18371000000.0,19954000000.0,,,,-17000000.0,,,,,,0.0,181000000.0,3759000000.0,,GS,2024-12-31 00:00:00,,,,,,,698000000.0,698000000.0,,,,-11000000.0,28000000.0,,3759000000.0,,,,188000000.0,,240000000.0,475000000.0,2891000000.0,
,1771000.0,0.161,,4738000000.0,506000000.0,,,,4728771000.0,4738000000.0,,,324500000.0,320800000.0,14.12,14.25,4583000000.0,4583000000.0,4738000000.0,4738000000.0,4738000000.0,909000000.0,5647000000.0,,,,,,5032000000.0,,,15062000000.0,15062000000.0,11000000.0,11000000.0,2895000000.0,16488000000.0,19383000000.0,,,,11000000.0,,,,,,0.0,156000000.0,4876000000.0,,GS,2025-03-31 00:00:00,,,,,,,506000000.0,506000000.0,,,,-11000000.0,,,4876000000.0,,,,155000000.0,,233000000.0,424000000.0,2944000000.0,
,-249092.375958,0.249092,,3723000000.0,618000000.0,,,,3723750907.624042,3723000000.0,,,318300000.0,313700000.0,10.91,11.03,3473000000.0,3473000000.0,3723000000.0,3723000000.0,3723000000.0,1235000000.0,4958000000.0,,,,,,4852000000.0,,,14583000000.0,14583000000.0,-1000000.0,-1000000.0,3104000000.0,16685000000.0,19789000000.0,,,,-1000000.0,,,,,,0.0,167000000.0,4685000000.0,,GS,2025-06-30 00:00:00,,,,,,,618000000.0,618000000.0,,,,1000000.0,,,4685000000.0,,,,250000000.0,,234000000.0,440000000.0,3096000000.0,
,0.0,0.245,7538000000.0,4561000000.0,920000000.0,28577000000.0,7538000000.0,6618000000.0,4561000000.0,4561000000.0,36641000000.0,6534000000.0,992000000.0,990000000.0,4.6,4.61,4561000000.0,4561000000.0,4561000000.0,4561000000.0,4561000000.0,1484000000.0,6045000000.0,,,6534000000.0,7882000000.0,,7144000000.0,14416000000.0,28759000000.0,43175000000.0,43175000000.0,,,-489000000.0,573000000.0,84000000.0,,,,,,-489000000.0,573000000.0,84000000.0,,,,,,HD,2024-07-31 00:00:00,,,,,,,738000000.0,738000000.0,,,,,,,,,,,,,,,,
,0.0,0.244,6443000000.0,3648000000.0,995000000.0,26592000000.0,6443000000.0,5448000000.0,3648000000.0,3648000000.0,34799000000.0,5418000000.0,993000000.0,991000000.0,3.67,3.68,3648000000.0,3648000000.0,3648000000.0,3648000000.0,3648000000.0,1175000000.0,4823000000.0,,,5418000000.0,8007000000.0,,7212000000.0,13425000000.0,26792000000.0,40217000000.0,40217000000.0,,,-595000000.0,625000000.0,30000000.0,,,,,,-595000000.0,625000000.0,30000000.0,,,,,,HD,2024-10-31 00:00:00,,,,,,,795000000.0,795000000.0,,,,,,,,,,,,,,,,
,0.0,0.228968,5534000000.0,2997000000.0,1009000000.0,26475000000.0,5534000000.0,4525000000.0,2997000000.0,2997000000.0,35209000000.0,4495000000.0,994000000.0,991000000.0,3.02,3.02,2997000000.0,2997000000.0,2997000000.0,2997000000.0,2997000000.0,890000000.0,3887000000.0,,,4495000000.0,8539000000.0,,7725000000.0,13034000000.0,26670000000.0,39704000000.0,39704000000.0,,,-608000000.0,638000000.0,30000000.0,,,,,,-608000000.0,638000000.0,30000000.0,,,,,,HD,2025-01-31 00:00:00,,,,,,,814000000.0,814000000.0,,,,,,,,,,,,,,,,
,0.0,0.244,6151000000.0,3433000000.0,994000000.0,26199000000.0,6151000000.0,5157000000.0,3433000000.0,3433000000.0,34723000000.0,5133000000.0,994000000.0,992000000.0,3.45,3.46,3433000000.0,3433000000.0,3433000000.0,3433000000.0,3433000000.0,1109000000.0,4542000000.0,,,5133000000.0,8326000000.0,,7530000000.0,13459000000.0,26397000000.0,39856000000.0,39856000000.0,,,-591000000.0,615000000.0,24000000.0,,,,,,-591000000.0,615000000.0,24000000.0,,,,,,HD,2025-04-30 00:00:00,,,,,,,796000000.0,796000000.0,,,,,,,,,,,,,,,,
,0.0,0.242,7584000000.0,4551000000.0,1004000000.0,29954000000.0,7584000000.0,6580000000.0,4551000000.0,4551000000.0,38722000000.0,6555000000.0,994000000.0,992000000.0,4.58,4.59,4551000000.0,4551000000.0,4551000000.0,4551000000.0,4551000000.0,1454000000.0,6005000000.0,,,6555000000.0,8570000000.0,,7764000000.0,15125000000.0,30152000000.0,45277000000.0,45277000000.0,,,-550000000.0,575000000.0,25000000.0,,,,,,-550000000.0,575000000.0,25000000.0,,,,,,HD,2025-07-31 00:00:00,,,,,,,806000000.0,806000000.0,,,,,,,,,,,,,,,,
,0.0,0.245,7538000000.0,4561000000.0,920000000.0,28577000000.0,7538000000.0,6618000000.0,4561000000.0,4561000000.0,36641000000.0,6534000000.0,992000000.0,990000000.0,4.6,4.61,4561000000.0,4561000000.0,4561000000.0,4561000000.0,4561000000.0,1484000000.0,6045000000.0,,,6534000000.0,7882000000.0,,7144000000.0,14416000000.0,28759000000.0,43175000000.0,43175000000.0,,,-489000000.0,573000000.0,84000000.0,,,,,,-489000000.0,573000000.0,84000000.0,,,,,,HD,2024-07-31 00:00:00,,,,,,,738000000.0,738000000.0,,,,,,,,,,,,,,,,
,0.0,0.244,6443000000.0,3648000000.0,995000000.0,26592000000.0,6443000000.0,5448000000.0,3648000000.0,3648000000.0,34799000000.0,5418000000.0,993000000.0,991000000.0,3.67,3.68,3648000000.0,3648000000.0,3648000000.0,3648000000.0,3648000000.0,1175000000.0,4823000000.0,,,5418000000.0,8007000000.0,,7212000000.0,13425000000.0,26792000000.0,40217000000.0,40217000000.0,,,-595000000.0,625000000.0,30000000.0,,,,,,-595000000.0,625000000.0,30000000.0,,,,,,HD,2024-10-31 00:00:00,,,,,,,795000000.0,795000000.0,,,,,,,,,,,,,,,,
,0.0,0.228968,5534000000.0,2997000000.0,1009000000.0,26475000000.0,5534000000.0,4525000000.0,2997000000.0,2997000000.0,35209000000.0,4495000000.0,994000000.0,991000000.0,3.02,3.02,2997000000.0,2997000000.0,2997000000.0,2997000000.0,2997000000.0,890000000.0,3887000000.0,,,4495000000.0,8539000000.0,,7725000000.0,13034000000.0,26670000000.0,39704000000.0,39704000000.0,,,-608000000.0,638000000.0,30000000.0,,,,,,-608000000.0,638000000.0,30000000.0,,,,,,HD,2025-01-31 00:00:00,,,,,,,814000000.0,814000000.0,,,,,,,,,,,,,,,,
,0.0,0.244,6151000000.0,3433000000.0,994000000.0,26199000000.0,6151000000.0,5157000000.0,3433000000.0,3433000000.0,34723000000.0,5133000000.0,994000000.0,992000000.0,3.45,3.46,3433000000.0,3433000000.0,3433000000.0,3433000000.0,3433000000.0,1109000000.0,4542000000.0,,,5133000000.0,8326000000.0,,7530000000.0,13459000000.0,26397000000.0,39856000000.0,39856000000.0,,,-591000000.0,615000000.0,24000000.0,,,,,,-591000000.0,615000000.0,24000000.0,,,,,,HD,2025-04-30 00:00:00,,,,,,,796000000.0,796000000.0,,,,,,,,,,,,,,,,
,0.0,0.242,7584000000.0,4551000000.0,1004000000.0,29954000000.0,7584000000.0,6580000000.0,4551000000.0,4551000000.0,38722000000.0,6555000000.0,994000000.0,992000000.0,4.58,4.59,4551000000.0,4551000000.0,4551000000.0,4551000000.0,4551000000.0,1454000000.0,6005000000.0,,,6555000000.0,8570000000.0,,7764000000.0,15125000000.0,30152000000.0,45277000000.0,45277000000.0,,,-550000000.0,575000000.0,25000000.0,,,,,,-550000000.0,575000000.0,25000000.0,,,,,,HD,2025-07-31 00:00:00,,,,,,,806000000.0,806000000.0,,,,,,,,,,,,,,,,
,,,,,,,,,,,,,,,,,,,,,,,,,,,,,,,,,,,,,,,,,,,,,,,,,,1302000000.0,1302000000.0,HON,2024-03-31 00:00:00,,,,,,,,,,,0.0,17000000.0,,,-167000000.0,,,,,,,,,
,-5670000.0,0.21,2560000000.0,1544000000.0,309000000.0,5856000000.0,2533000000.0,2224000000.0,1565330000.0,1544000000.0,7599000000.0,,654200000.0,650200000.0,2.36,2.37,1544000000.0,1544000000.0,1544000000.0,1560000000.0,1560000000.0,414000000.0,1974000000.0,136000000.0,149000000.0,1978000000.0,1743000000.0,382000000.0,1361000000.0,3721000000.0,5856000000.0,9577000000.0,9577000000.0,-27000000.0,-27000000.0,-140000000.0,250000000.0,110000000.0,,,-16000000.0,-22000000.0,22000000.0,-140000000.0,250000000.0,110000000.0,,-5000000.0,,1361000000.0,1361000000.0,HON,2024-06-30 00:00:00,,14000000.0,,,,,,,,,0.0,,0.0,,-160000000.0,,,,,,,,,
,-29344000.0,0.224,2609000000.0,1413000000.0,357000000.0,5979000000.0,2478000000.0,2121000000.0,1514656000.0,1413000000.0,7745000000.0,,654100000.0,650400000.0,2.16,2.17,1413000000.0,1413000000.0,1413000000.0,1415000000.0,1415000000.0,409000000.0,1824000000.0,28000000.0,142000000.0,1983000000.0,1766000000.0,368000000.0,1398000000.0,3749000000.0,5979000000.0,9728000000.0,9728000000.0,-131000000.0,-131000000.0,-187000000.0,297000000.0,110000000.0,,,-2000000.0,-135000000.0,10000000.0,-187000000.0,297000000.0,110000000.0,125000000.0,4000000.0,,1398000000.0,1398000000.0,HON,2024-09-30 00:00:00,,17000000.0,,,,,,,,,,,125000000.0,,-164000000.0,,,,,,,,,
,-14805699.481865,0.164508,2302000000.0,1285000000.0,377000000.0,6418000000.0,2212000000.0,1835000000.0,1360194300.518135,1285000000.0,8249000000.0,,654800000.0,650600000.0,1.96,1.98,1285000000.0,1285000000.0,1285000000.0,1290000000.0,1290000000.0,254000000.0,1544000000.0,-105000000.0,-33000000.0,1839000000.0,1831000000.0,426000000.0,1405000000.0,3670000000.0,6418000000.0,10088000000.0,10088000000.0,-90000000.0,-90000000.0,-190000000.0,291000000.0,101000000.0,,,-5000000.0,-61000000.0,-34000000.0,-190000000.0,291000000.0,101000000.0,,-29000000.0,,,,HON,2024-12-31 00:00:00,,18000000.0,,,,,,,,,,0.0,94000000.0,,,,,,,,,,,
,-16157643.312102,0.221338,2617000000.0,1449000000.0,374000000.0,6037000000.0,2544000000.0,2170000000.0,1505842356.687898,1449000000.0,7837000000.0,,651700000.0,648200000.0,2.22,2.24,1449000000.0,1449000000.0,1449000000.0,1467000000.0,1467000000.0,417000000.0,1884000000.0,95000000.0,151000000.0,1985000000.0,1800000000.0,439000000.0,1361000000.0,3785000000.0,6037000000.0,9822000000.0,9822000000.0,-73000000.0,-73000000.0,-196000000.0,286000000.0,90000000.0,,,-18000000.0,-69000000.0,6000000.0,-196000000.0,286000000.0,90000000.0,,-4000000.0,,,,HON,2025-03-31 00:00:00,,17000000.0,,,,,,,,,-48000000.0,,15000000.0,,,,,,,,,,,
,-15295000.0,0.161,2700000000.0,1570000000.0,404000000.0,6329000000.0,2605000000.0,2201000000.0,1649705000.0,1570000000.0,8238000000.0,,640900000.0,637500000.0,2.45,2.46,1570000000.0,1570000000.0,1570000000.0,1569000000.0,1569000000.0,302000000.0,1871000000.0,8000000.0,88000000.0,2114000000.0,1909000000.0,481000000.0,1428000000.0,4023000000.0,6329000000.0,10352000000.0,10352000000.0,-95000000.0,-95000000.0,-251000000.0,330000000.0,79000000.0,,,1000000.0,-114000000.0,5000000.0,-251000000.0,330000000.0,79000000.0,,19000000.0,,,,HON,2025-06-30 00:00:00,,15000000.0,,,,,,,,,-109000000.0,,0.0,,,,,,,,,,,
,,,,,,,,,,,,,,,,,,,,,,,,,,,,,,,,,,,,,,,,,,,,,,,,,,1302000000.0,1302000000.0,HON,2024-03-31 00:00:00,,,,,,,,,,,0.0,17000000.0,,,-167000000.0,,,,,,,,,
,-5670000.0,0.21,2560000000.0,1544000000.0,309000000.0,5856000000.0,2533000000.0,2224000000.0,1565330000.0,1544000000.0,7599000000.0,,654200000.0,650200000.0,2.36,2.37,1544000000.0,1544000000.0,1544000000.0,1560000000.0,1560000000.0,414000000.0,1974000000.0,136000000.0,149000000.0,1978000000.0,1743000000.0,382000000.0,1361000000.0,3721000000.0,5856000000.0,9577000000.0,9577000000.0,-27000000.0,-27000000.0,-140000000.0,250000000.0,110000000.0,,,-16000000.0,-22000000.0,22000000.0,-140000000.0,250000000.0,110000000.0,,-5000000.0,,1361000000.0,1361000000.0,HON,2024-06-30 00:00:00,,14000000.0,,,,,,,,,0.0,,0.0,,-160000000.0,,,,,,,,,
,-29344000.0,0.224,2609000000.0,1413000000.0,357000000.0,5979000000.0,2478000000.0,2121000000.0,1514656000.0,1413000000.0,7745000000.0,,654100000.0,650400000.0,2.16,2.17,1413000000.0,1413000000.0,1413000000.0,1415000000.0,1415000000.0,409000000.0,1824000000.0,28000000.0,142000000.0,1983000000.0,1766000000.0,368000000.0,1398000000.0,3749000000.0,5979000000.0,9728000000.0,9728000000.0,-131000000.0,-131000000.0,-187000000.0,297000000.0,110000000.0,,,-2000000.0,-135000000.0,10000000.0,-187000000.0,297000000.0,110000000.0,125000000.0,4000000.0,,1398000000.0,1398000000.0,HON,2024-09-30 00:00:00,,17000000.0,,,,,,,,,,,125000000.0,,-164000000.0,,,,,,,,,
,-14805699.481865,0.164508,2302000000.0,1285000000.0,377000000.0,6418000000.0,2212000000.0,1835000000.0,1360194300.518135,1285000000.0,8249000000.0,,654800000.0,650600000.0,1.96,1.98,1285000000.0,1285000000.0,1285000000.0,1290000000.0,1290000000.0,254000000.0,1544000000.0,-105000000.0,-33000000.0,1839000000.0,1831000000.0,426000000.0,1405000000.0,3670000000.0,6418000000.0,10088000000.0,10088000000.0,-90000000.0,-90000000.0,-190000000.0,291000000.0,101000000.0,,,-5000000.0,-61000000.0,-34000000.0,-190000000.0,291000000.0,101000000.0,,-29000000.0,,,,HON,2024-12-31 00:00:00,,18000000.0,,,,,,,,,,0.0,94000000.0,,,,,,,,,,,
,-16157643.312102,0.221338,2617000000.0,1449000000.0,374000000.0,6037000000.0,2544000000.0,2170000000.0,1505842356.687898,1449000000.0,7837000000.0,,651700000.0,648200000.0,2.22,2.24,1449000000.0,1449000000.0,1449000000.0,1467000000.0,1467000000.0,417000000.0,1884000000.0,95000000.0,151000000.0,1985000000.0,1800000000.0,439000000.0,1361000000.0,3785000000.0,6037000000.0,9822000000.0,9822000000.0,-73000000.0,-73000000.0,-196000000.0,286000000.0,90000000.0,,,-18000000.0,-69000000.0,6000000.0,-196000000.0,286000000.0,90000000.0,,-4000000.0,,,,HON,2025-03-31 00:00:00,,17000000.0,,,,,,,,,-48000000.0,,15000000.0,,,,,,,,,,,
,-15295000.0,0.161,2700000000.0,1570000000.0,404000000.0,6329000000.0,2605000000.0,2201000000.0,1649705000.0,1570000000.0,8238000000.0,,640900000.0,637500000.0,2.45,2.46,1570000000.0,1570000000.0,1570000000.0,1569000000.0,1569000000.0,302000000.0,1871000000.0,8000000.0,88000000.0,2114000000.0,1909000000.0,481000000.0,1428000000.0,4023000000.0,6329000000.0,10352000000.0,10352000000.0,-95000000.0,-95000000.0,-251000000.0,330000000.0,79000000.0,,,1000000.0,-114000000.0,5000000.0,-251000000.0,330000000.0,79000000.0,,19000000.0,,,,HON,2025-06-30 00:00:00,,15000000.0,,,,,,,,,-109000000.0,,0.0,,,,,,,,,,,
,,,,,,,,,,,,,,,,,,,,,,,,,,,,,,,,,,,,,,,,,,,,,,,,-72000000.0,,,,IBM,2024-03-31 00:00:00,,,,,,,,,,,,,,,,,,,,0.0,,,,
,-3506083.821541,0.175304,3821000000.0,1830000000.0,1155000000.0,5933000000.0,3801000000.0,2646000000.0,1846493916.178459,1834000000.0,13336000000.0,,934400000.0,920300000.0,1.96,1.99,1834000000.0,1834000000.0,1834000000.0,1834000000.0,1830000000.0,389000000.0,2219000000.0,-4000000.0,16000000.0,2434000000.0,6516000000.0,1840000000.0,4647000000.0,8950000000.0,6820000000.0,15769000000.0,15769000000.0,-20000000.0,-20000000.0,-210000000.0,427000000.0,217000000.0,,,,-20000000.0,20000000.0,-210000000.0,427000000.0,217000000.0,,,354000000.0,4293000000.0,4121000000.0,IBM,2024-06-30 00:00:00,,,,-241000000.0,,4000000.0,268000000.0,268000000.0,268000000.0,268000000.0,,,,,172000000.0,2000000.0,,,,,,,,
,-72240000.0,0.21,1239000000.0,-317000000.0,1268000000.0,5570000000.0,895000000.0,-373000000.0,-45240000.0,-330000000.0,12791000000.0,,923600000.0,923600000.0,-0.36,-0.36,-330000000.0,-330000000.0,-330000000.0,-330000000.0,-317000000.0,-485000000.0,-802000000.0,-2719000000.0,-2375000000.0,2177000000.0,6243000000.0,1876000000.0,4311000000.0,8420000000.0,6548000000.0,14967000000.0,14967000000.0,-344000000.0,-344000000.0,-259000000.0,429000000.0,170000000.0,,,,-306000000.0,306000000.0,-259000000.0,429000000.0,170000000.0,,-38000000.0,279000000.0,4032000000.0,3865000000.0,IBM,2024-09-30 00:00:00,,,,-238000000.0,,-13000000.0,290000000.0,290000000.0,290000000.0,290000000.0,,,,,167000000.0,4000000.0,,,,,,,,
,76923472.474289,0.11464,4172000000.0,2927000000.0,1113000000.0,6291000000.0,4843000000.0,3730000000.0,2332923472.474289,2914000000.0,13652000000.0,,942400000.0,926000000.0,3.09,3.15,2914000000.0,2914000000.0,2914000000.0,2914000000.0,2927000000.0,379000000.0,3306000000.0,-320000000.0,-991000000.0,3901000000.0,6538000000.0,1967000000.0,4586000000.0,10439000000.0,7114000000.0,17553000000.0,17553000000.0,671000000.0,671000000.0,-274000000.0,424000000.0,150000000.0,,,,597000000.0,-5000000.0,-274000000.0,424000000.0,150000000.0,,74000000.0,261000000.0,4325000000.0,4146000000.0,IBM,2024-12-31 00:00:00,,,,-301000000.0,,-13000000.0,290000000.0,290000000.0,290000000.0,290000000.0,,,,,179000000.0,-4000000.0,,,,,,,,
,-30794000.0,0.089,3136000000.0,1054000000.0,1177000000.0,5627000000.0,2790000000.0,1613000000.0,1369206000.0,1055000000.0,12776000000.0,,945400000.0,928000000.0,1.12,1.14,1055000000.0,1055000000.0,1055000000.0,1055000000.0,1054000000.0,103000000.0,1158000000.0,-343000000.0,3000000.0,1765000000.0,6266000000.0,1950000000.0,4261000000.0,8031000000.0,6510000000.0,14541000000.0,14541000000.0,-346000000.0,-346000000.0,-264000000.0,455000000.0,191000000.0,,,,-316000000.0,316000000.0,-264000000.0,455000000.0,191000000.0,,-30000000.0,238000000.0,4023000000.0,3806000000.0,IBM,2025-03-31 00:00:00,,,,-253000000.0,,1000000.0,294000000.0,294000000.0,294000000.0,294000000.0,,,,,217000000.0,14000000.0,,,,,,,,
,-26601463.2268,0.155564,4543000000.0,2193000000.0,1265000000.0,6060000000.0,4372000000.0,3107000000.0,2337398536.7732,2194000000.0,13892000000.0,,948000000.0,930800000.0,2.31,2.36,2194000000.0,2194000000.0,2194000000.0,2194000000.0,2193000000.0,404000000.0,2597000000.0,-151000000.0,20000000.0,3086000000.0,6891000000.0,2097000000.0,4671000000.0,9977000000.0,7001000000.0,16977000000.0,16977000000.0,-171000000.0,-171000000.0,-338000000.0,510000000.0,172000000.0,,,,-18000000.0,18000000.0,-338000000.0,510000000.0,172000000.0,,-153000000.0,349000000.0,4322000000.0,4078000000.0,IBM,2025-06-30 00:00:00,,,,-215000000.0,,1000000.0,324000000.0,324000000.0,324000000.0,324000000.0,,,,,244000000.0,14000000.0,,,,,,,,
,,,,,,,,,,,,,,,,,,,,,,,,,,,,,,,,,,,,,,,,,,,,,,,,-72000000.0,,,,IBM,2024-03-31 00:00:00,,,,,,,,,,,,,,,,,,,,0.0,,,,
,-3506083.821541,0.175304,3821000000.0,1830000000.0,1155000000.0,5933000000.0,3801000000.0,2646000000.0,1846493916.178459,1834000000.0,13336000000.0,,934400000.0,920300000.0,1.96,1.99,1834000000.0,1834000000.0,1834000000.0,1834000000.0,1830000000.0,389000000.0,2219000000.0,-4000000.0,16000000.0,2434000000.0,6516000000.0,1840000000.0,4647000000.0,8950000000.0,6820000000.0,15769000000.0,15769000000.0,-20000000.0,-20000000.0,-210000000.0,427000000.0,217000000.0,,,,-20000000.0,20000000.0,-210000000.0,427000000.0,217000000.0,,,354000000.0,4293000000.0,4121000000.0,IBM,2024-06-30 00:00:00,,,,-241000000.0,,4000000.0,268000000.0,268000000.0,268000000.0,268000000.0,,,,,172000000.0,2000000.0,,,,,,,,
,-72240000.0,0.21,1239000000.0,-317000000.0,1268000000.0,5570000000.0,895000000.0,-373000000.0,-45240000.0,-330000000.0,12791000000.0,,923600000.0,923600000.0,-0.36,-0.36,-330000000.0,-330000000.0,-330000000.0,-330000000.0,-317000000.0,-485000000.0,-802000000.0,-2719000000.0,-2375000000.0,2177000000.0,6243000000.0,1876000000.0,4311000000.0,8420000000.0,6548000000.0,14967000000.0,14967000000.0,-344000000.0,-344000000.0,-259000000.0,429000000.0,170000000.0,,,,-306000000.0,306000000.0,-259000000.0,429000000.0,170000000.0,,-38000000.0,279000000.0,4032000000.0,3865000000.0,IBM,2024-09-30 00:00:00,,,,-238000000.0,,-13000000.0,290000000.0,290000000.0,290000000.0,290000000.0,,,,,167000000.0,4000000.0,,,,,,,,
,76923472.474289,0.11464,4172000000.0,2927000000.0,1113000000.0,6291000000.0,4843000000.0,3730000000.0,2332923472.474289,2914000000.0,13652000000.0,,942400000.0,926000000.0,3.09,3.15,2914000000.0,2914000000.0,2914000000.0,2914000000.0,2927000000.0,379000000.0,3306000000.0,-320000000.0,-991000000.0,3901000000.0,6538000000.0,1967000000.0,4586000000.0,10439000000.0,7114000000.0,17553000000.0,17553000000.0,671000000.0,671000000.0,-274000000.0,424000000.0,150000000.0,,,,597000000.0,-5000000.0,-274000000.0,424000000.0,150000000.0,,74000000.0,261000000.0,4325000000.0,4146000000.0,IBM,2024-12-31 00:00:00,,,,-301000000.0,,-13000000.0,290000000.0,290000000.0,290000000.0,290000000.0,,,,,179000000.0,-4000000.0,,,,,,,,
,-30794000.0,0.089,3136000000.0,1054000000.0,1177000000.0,5627000000.0,2790000000.0,1613000000.0,1369206000.0,1055000000.0,12776000000.0,,945400000.0,928000000.0,1.12,1.14,1055000000.0,1055000000.0,1055000000.0,1055000000.0,1054000000.0,103000000.0,1158000000.0,-343000000.0,3000000.0,1765000000.0,6266000000.0,1950000000.0,4261000000.0,8031000000.0,6510000000.0,14541000000.0,14541000000.0,-346000000.0,-346000000.0,-264000000.0,455000000.0,191000000.0,,,,-316000000.0,316000000.0,-264000000.0,455000000.0,191000000.0,,-30000000.0,238000000.0,4023000000.0,3806000000.0,IBM,2025-03-31 00:00:00,,,,-253000000.0,,1000000.0,294000000.0,294000000.0,294000000.0,294000000.0,,,,,217000000.0,14000000.0,,,,,,,,
,-26601463.2268,0.155564,4543000000.0,2193000000.0,1265000000.0,6060000000.0,4372000000.0,3107000000.0,2337398536.7732,2194000000.0,13892000000.0,,948000000.0,930800000.0,2.31,2.36,2194000000.0,2194000000.0,2194000000.0,2194000000.0,2193000000.0,404000000.0,2597000000.0,-151000000.0,20000000.0,3086000000.0,6891000000.0,2097000000.0,4671000000.0,9977000000.0,7001000000.0,16977000000.0,16977000000.0,-171000000.0,-171000000.0,-338000000.0,510000000.0,172000000.0,,,,-18000000.0,18000000.0,-338000000.0,510000000.0,172000000.0,,-153000000.0,349000000.0,4322000000.0,4078000000.0,IBM,2025-06-30 00:00:00,,,,-215000000.0,,1000000.0,324000000.0,324000000.0,324000000.0,324000000.0,,,,,244000000.0,14000000.0,,,,,,,,
,-186025000.0,0.175,1922000000.0,-1610000000.0,2569000000.0,8286000000.0,859000000.0,-1710000000.0,-733025000.0,-1610000000.0,13854000000.0,-1964000000.0,4267000000.0,4267000000.0,-0.38,-0.38,-1610000000.0,-1610000000.0,-1610000000.0,-1654000000.0,-1654000000.0,-350000000.0,-2004000000.0,-1063000000.0,,-1021000000.0,5568000000.0,4239000000.0,1329000000.0,4547000000.0,8286000000.0,12833000000.0,12833000000.0,-1063000000.0,-1063000000.0,80000000.0,294000000.0,320000000.0,,,44000000.0,-1034000000.0,165000000.0,80000000.0,294000000.0,320000000.0,91000000.0,-29000000.0,,,,INTC,2024-06-30 00:00:00,,,,,-54000000.0,,,,,,,778000000.0,,,,,,,,,,,,
,-1214010000.0,0.21,555000000.0,-16639000000.0,3612000000.0,11287000000.0,-5226000000.0,-8838000000.0,-12072010000.0,-16639000000.0,16719000000.0,-9057000000.0,4292000000.0,4292000000.0,-3.88,-3.88,-16639000000.0,-16639000000.0,-16639000000.0,-16989000000.0,-16989000000.0,7903000000.0,-9086000000.0,-5781000000.0,,-3435000000.0,5432000000.0,4049000000.0,1383000000.0,1997000000.0,11287000000.0,13284000000.0,13284000000.0,-5781000000.0,-5781000000.0,130000000.0,248000000.0,340000000.0,,,350000000.0,-5732000000.0,2193000000.0,130000000.0,248000000.0,340000000.0,3503000000.0,-49000000.0,,,,INTC,2024-09-30 00:00:00,,,,,-38000000.0,,,,,,,36000000.0,,,,,,,,,,,,
,-104160000.0,0.21,3976000000.0,-126000000.0,2647000000.0,8676000000.0,3480000000.0,833000000.0,265840000.0,-126000000.0,13791000000.0,412000000.0,4319000000.0,4319000000.0,-0.03,-0.03,-126000000.0,-126000000.0,-126000000.0,-153000000.0,-153000000.0,752000000.0,599000000.0,-496000000.0,,469000000.0,5115000000.0,3876000000.0,1239000000.0,5584000000.0,8676000000.0,14260000000.0,14260000000.0,-496000000.0,-496000000.0,626000000.0,234000000.0,822000000.0,,,27000000.0,-135000000.0,-6000000.0,626000000.0,234000000.0,822000000.0,97000000.0,-361000000.0,,,,INTC,2024-12-31 00:00:00,,,,,-38000000.0,,,,,,,44000000.0,,,,,,,,,,,,
,-56280000.0,0.21,2655000000.0,-821000000.0,2674000000.0,7995000000.0,2387000000.0,-287000000.0,-609280000.0,-821000000.0,12812000000.0,-301000000.0,4343000000.0,4343000000.0,-0.19,-0.19,-821000000.0,-821000000.0,-821000000.0,-887000000.0,-887000000.0,301000000.0,-586000000.0,-268000000.0,,-145000000.0,4817000000.0,3640000000.0,1177000000.0,4672000000.0,7995000000.0,12667000000.0,12667000000.0,-268000000.0,-268000000.0,-173000000.0,299000000.0,245000000.0,,,66000000.0,-261000000.0,142000000.0,-173000000.0,299000000.0,245000000.0,108000000.0,-7000000.0,,,,INTC,2025-03-31 00:00:00,,,,,119000000.0,,,,,,,11000000.0,,,,,,,,,,,,
,-271740000.0,0.21,1765000000.0,-2918000000.0,3013000000.0,9317000000.0,471000000.0,-2542000000.0,-1895740000.0,-2918000000.0,14145000000.0,-3176000000.0,4369000000.0,4369000000.0,-0.67,-0.67,-2918000000.0,-2918000000.0,-2918000000.0,-3024000000.0,-3024000000.0,255000000.0,-2769000000.0,-1294000000.0,,-1286000000.0,4828000000.0,3684000000.0,1144000000.0,3542000000.0,9317000000.0,12859000000.0,12859000000.0,-1294000000.0,-1294000000.0,-189000000.0,227000000.0,210000000.0,,,106000000.0,-1847000000.0,1466000000.0,-189000000.0,227000000.0,210000000.0,467000000.0,553000000.0,,,,INTC,2025-06-30 00:00:00,,,,,172000000.0,,,,,,94000000.0,8000000.0,,,,,,,,,,,,
,-186025000.0,0.175,1922000000.0,-1610000000.0,2569000000.0,8286000000.0,859000000.0,-1710000000.0,-733025000.0,-1610000000.0,13854000000.0,-1964000000.0,4267000000.0,4267000000.0,-0.38,-0.38,-1610000000.0,-1610000000.0,-1610000000.0,-1654000000.0,-1654000000.0,-350000000.0,-2004000000.0,-1063000000.0,,-1021000000.0,5568000000.0,4239000000.0,1329000000.0,4547000000.0,8286000000.0,12833000000.0,12833000000.0,-1063000000.0,-1063000000.0,80000000.0,294000000.0,320000000.0,,,44000000.0,-1034000000.0,165000000.0,80000000.0,294000000.0,320000000.0,91000000.0,-29000000.0,,,,INTC,2024-06-30 00:00:00,,,,,-54000000.0,,,,,,,778000000.0,,,,,,,,,,,,
,-1214010000.0,0.21,555000000.0,-16639000000.0,3612000000.0,11287000000.0,-5226000000.0,-8838000000.0,-12072010000.0,-16639000000.0,16719000000.0,-9057000000.0,4292000000.0,4292000000.0,-3.88,-3.88,-16639000000.0,-16639000000.0,-16639000000.0,-16989000000.0,-16989000000.0,7903000000.0,-9086000000.0,-5781000000.0,,-3435000000.0,5432000000.0,4049000000.0,1383000000.0,1997000000.0,11287000000.0,13284000000.0,13284000000.0,-5781000000.0,-5781000000.0,130000000.0,248000000.0,340000000.0,,,350000000.0,-5732000000.0,2193000000.0,130000000.0,248000000.0,340000000.0,3503000000.0,-49000000.0,,,,INTC,2024-09-30 00:00:00,,,,,-38000000.0,,,,,,,36000000.0,,,,,,,,,,,,
,-104160000.0,0.21,3976000000.0,-126000000.0,2647000000.0,8676000000.0,3480000000.0,833000000.0,265840000.0,-126000000.0,13791000000.0,412000000.0,4319000000.0,4319000000.0,-0.03,-0.03,-126000000.0,-126000000.0,-126000000.0,-153000000.0,-153000000.0,752000000.0,599000000.0,-496000000.0,,469000000.0,5115000000.0,3876000000.0,1239000000.0,5584000000.0,8676000000.0,14260000000.0,14260000000.0,-496000000.0,-496000000.0,626000000.0,234000000.0,822000000.0,,,27000000.0,-135000000.0,-6000000.0,626000000.0,234000000.0,822000000.0,97000000.0,-361000000.0,,,,INTC,2024-12-31 00:00:00,,,,,-38000000.0,,,,,,,44000000.0,,,,,,,,,,,,
,-56280000.0,0.21,2655000000.0,-821000000.0,2674000000.0,7995000000.0,2387000000.0,-287000000.0,-609280000.0,-821000000.0,12812000000.0,-301000000.0,4343000000.0,4343000000.0,-0.19,-0.19,-821000000.0,-821000000.0,-821000000.0,-887000000.0,-887000000.0,301000000.0,-586000000.0,-268000000.0,,-145000000.0,4817000000.0,3640000000.0,1177000000.0,4672000000.0,7995000000.0,12667000000.0,12667000000.0,-268000000.0,-268000000.0,-173000000.0,299000000.0,245000000.0,,,66000000.0,-261000000.0,142000000.0,-173000000.0,299000000.0,245000000.0,108000000.0,-7000000.0,,,,INTC,2025-03-31 00:00:00,,,,,119000000.0,,,,,,,11000000.0,,,,,,,,,,,,
,-271740000.0,0.21,1765000000.0,-2918000000.0,3013000000.0,9317000000.0,471000000.0,-2542000000.0,-1895740000.0,-2918000000.0,14145000000.0,-3176000000.0,4369000000.0,4369000000.0,-0.67,-0.67,-2918000000.0,-2918000000.0,-2918000000.0,-3024000000.0,-3024000000.0,255000000.0,-2769000000.0,-1294000000.0,,-1286000000.0,4828000000.0,3684000000.0,1144000000.0,3542000000.0,9317000000.0,12859000000.0,12859000000.0,-1294000000.0,-1294000000.0,-189000000.0,227000000.0,210000000.0,,,106000000.0,-1847000000.0,1466000000.0,-189000000.0,227000000.0,210000000.0,467000000.0,553000000.0,,,,INTC,2025-06-30 00:00:00,,,,,172000000.0,,,,,,94000000.0,8000000.0,,,,,,,,,,,,
,,,,,,,,,,,,,208159439.0,208159439.0,-0.19,-0.19,,,,,,,,,,,,,,,,,,,,,,,,,,,,,,,,,,,,IONQ,2024-03-31 00:00:00,,,,,,,,,,,,,,,,,,,,,,,,
,1394190.0,0.21,-51275000.0,-37561000.0,4305000.0,5623000.0,-44636000.0,-48941000.0,-42805810.0,-37561000.0,60322000.0,-48941000.0,211637479.0,211637479.0,-0.18,-0.18,-37561000.0,-37561000.0,-37561000.0,-37561000.0,-37561000.0,15000.0,-37546000.0,6594000.0,-45000.0,-48941000.0,54699000.0,31204000.0,19190000.0,5758000.0,5623000.0,11381000.0,11381000.0,6639000.0,6639000.0,4801000.0,,4801000.0,,,0.0,,,4801000.0,,4801000.0,,6639000.0,6137000.0,13053000.0,13053000.0,IONQ,2024-06-30 00:00:00,,,,,,,4305000.0,4305000.0,,,,,,,,,,,,,,,,
,-812280.0,0.21,-44377000.0,-52496000.0,4890000.0,6515000.0,-48245000.0,-53135000.0,-49440280.0,-52496000.0,65535000.0,-53135000.0,214305053.0,214305053.0,-0.24,-0.24,-52496000.0,-52496000.0,-52496000.0,-52496000.0,-52496000.0,16000.0,-52480000.0,-3853000.0,15000.0,-53135000.0,59020000.0,33178000.0,20952000.0,5885000.0,6515000.0,12400000.0,12400000.0,-3868000.0,-3868000.0,4508000.0,,4508000.0,,,,,,4508000.0,,4508000.0,,-3868000.0,6630000.0,14322000.0,14322000.0,IONQ,2024-09-30 00:00:00,,,,,,,4890000.0,4890000.0,,,,,,,,,,,,,,,,
,-26986050.0,0.21,56506000.0,-201998000.0,5504000.0,5045000.0,-71999000.0,-77503000.0,-100479050.0,-201998000.0,89213000.0,-77503000.0,,,,,-201998000.0,-201998000.0,-201998000.0,-201998000.0,-201998000.0,20000.0,-201978000.0,-128616000.0,-111000.0,-77503000.0,84168000.0,40077000.0,38587000.0,6665000.0,5045000.0,11710000.0,11710000.0,-128505000.0,-128505000.0,4141000.0,,4141000.0,,,,,,4141000.0,,4141000.0,,-128505000.0,8927000.0,29660000.0,29660000.0,IONQ,2024-12-31 00:00:00,,,,,,,5504000.0,5504000.0,,,,,,,,,,,,,,,,
,8083740.0,0.21,-107612000.0,-32252000.0,6561000.0,4315000.0,-69118000.0,-75679000.0,-62662260.0,-32252000.0,83245000.0,-75679000.0,228759209.0,228759209.0,-0.14,-0.14,-32252000.0,-32252000.0,-32252000.0,-32252000.0,-32252000.0,12000.0,-32240000.0,38545000.0,51000.0,-75679000.0,78930000.0,39953000.0,32416000.0,3251000.0,4315000.0,7566000.0,7566000.0,38494000.0,38494000.0,4894000.0,,4894000.0,,,,,,4894000.0,,4894000.0,,38494000.0,8610000.0,23806000.0,23806000.0,IONQ,2025-03-31 00:00:00,,,,,,,6561000.0,6561000.0,,,,,,,,,,,,,,,,
,-3134358.648126,0.079196,-110399000.0,-176838000.0,10616000.0,8327000.0,-149976000.0,-160592000.0,-140395358.648126,-176838000.0,181286000.0,-160592000.0,250967455.0,250967455.0,-0.7,-0.7,-176838000.0,-176838000.0,-176838000.0,-177530000.0,-177530000.0,-15269000.0,-192799000.0,-39345000.0,232000.0,-160592000.0,172959000.0,103359000.0,58984000.0,12367000.0,8327000.0,20694000.0,20694000.0,-39577000.0,-39577000.0,7138000.0,,7138000.0,,,692000.0,,,7138000.0,,7138000.0,,-39577000.0,10877000.0,48107000.0,48107000.0,IONQ,2025-06-30 00:00:00,,,,,,,10616000.0,10616000.0,,,,,,,,,,,,,,,,
,,,,,,,,,,,,,208159439.0,208159439.0,-0.19,-0.19,,,,,,,,,,,,,,,,,,,,,,,,,,,,,,,,,,,,IONQ,2024-03-31 00:00:00,,,,,,,,,,,,,,,,,,,,,,,,
,1394190.0,0.21,-51275000.0,-37561000.0,4305000.0,5623000.0,-44636000.0,-48941000.0,-42805810.0,-37561000.0,60322000.0,-48941000.0,211637479.0,211637479.0,-0.18,-0.18,-37561000.0,-37561000.0,-37561000.0,-37561000.0,-37561000.0,15000.0,-37546000.0,6594000.0,-45000.0,-48941000.0,54699000.0,31204000.0,19190000.0,5758000.0,5623000.0,11381000.0,11381000.0,6639000.0,6639000.0,4801000.0,,4801000.0,,,0.0,,,4801000.0,,4801000.0,,6639000.0,6137000.0,13053000.0,13053000.0,IONQ,2024-06-30 00:00:00,,,,,,,4305000.0,4305000.0,,,,,,,,,,,,,,,,
,-812280.0,0.21,-44377000.0,-52496000.0,4890000.0,6515000.0,-48245000.0,-53135000.0,-49440280.0,-52496000.0,65535000.0,-53135000.0,214305053.0,214305053.0,-0.24,-0.24,-52496000.0,-52496000.0,-52496000.0,-52496000.0,-52496000.0,16000.0,-52480000.0,-3853000.0,15000.0,-53135000.0,59020000.0,33178000.0,20952000.0,5885000.0,6515000.0,12400000.0,12400000.0,-3868000.0,-3868000.0,4508000.0,,4508000.0,,,,,,4508000.0,,4508000.0,,-3868000.0,6630000.0,14322000.0,14322000.0,IONQ,2024-09-30 00:00:00,,,,,,,4890000.0,4890000.0,,,,,,,,,,,,,,,,
,-26986050.0,0.21,56506000.0,-201998000.0,5504000.0,5045000.0,-71999000.0,-77503000.0,-100479050.0,-201998000.0,89213000.0,-77503000.0,,,,,-201998000.0,-201998000.0,-201998000.0,-201998000.0,-201998000.0,20000.0,-201978000.0,-128616000.0,-111000.0,-77503000.0,84168000.0,40077000.0,38587000.0,6665000.0,5045000.0,11710000.0,11710000.0,-128505000.0,-128505000.0,4141000.0,,4141000.0,,,,,,4141000.0,,4141000.0,,-128505000.0,8927000.0,29660000.0,29660000.0,IONQ,2024-12-31 00:00:00,,,,,,,5504000.0,5504000.0,,,,,,,,,,,,,,,,
,8083740.0,0.21,-107612000.0,-32252000.0,6561000.0,4315000.0,-69118000.0,-75679000.0,-62662260.0,-32252000.0,83245000.0,-75679000.0,228759209.0,228759209.0,-0.14,-0.14,-32252000.0,-32252000.0,-32252000.0,-32252000.0,-32252000.0,12000.0,-32240000.0,38545000.0,51000.0,-75679000.0,78930000.0,39953000.0,32416000.0,3251000.0,4315000.0,7566000.0,7566000.0,38494000.0,38494000.0,4894000.0,,4894000.0,,,,,,4894000.0,,4894000.0,,38494000.0,8610000.0,23806000.0,23806000.0,IONQ,2025-03-31 00:00:00,,,,,,,6561000.0,6561000.0,,,,,,,,,,,,,,,,
,-3134358.648126,0.079196,-110399000.0,-176838000.0,10616000.0,8327000.0,-149976000.0,-160592000.0,-140395358.648126,-176838000.0,181286000.0,-160592000.0,250967455.0,250967455.0,-0.7,-0.7,-176838000.0,-176838000.0,-176838000.0,-177530000.0,-177530000.0,-15269000.0,-192799000.0,-39345000.0,232000.0,-160592000.0,172959000.0,103359000.0,58984000.0,12367000.0,8327000.0,20694000.0,20694000.0,-39577000.0,-39577000.0,7138000.0,,7138000.0,,,692000.0,,,7138000.0,,7138000.0,,-39577000.0,10877000.0,48107000.0,48107000.0,IONQ,2025-06-30 00:00:00,,,,,,,10616000.0,10616000.0,,,,,,,,,,,,,,,,
,,,,,,,,,,,,,,,,,,,,,,,,,,,,,,,,,,,,,,,,,,,,,,,,,,,,JNJ,2024-03-31 00:00:00,,,,,,0.0,,,,,,,0.0,,,,,,,,,,,
,-273629436.325678,0.18476,9281000000.0,4686000000.0,1782000000.0,6869000000.0,7800000000.0,6018000000.0,5893370563.674322,4686000000.0,15790000000.0,,2422000000.0,2406846000.0,1.93,1.946946,4686000000.0,4686000000.0,4686000000.0,4686000000.0,4686000000.0,1062000000.0,5748000000.0,-1081000000.0,400000000.0,6657000000.0,8921000000.0,3440000000.0,5481000000.0,15578000000.0,6869000000.0,22447000000.0,22447000000.0,-1481000000.0,-1481000000.0,125000000.0,270000000.0,395000000.0,,,,-1081000000.0,387000000.0,125000000.0,270000000.0,395000000.0,194000000.0,-400000000.0,,5481000000.0,5681000000.0,JNJ,2024-06-30 00:00:00,,,,,,0.0,,,,,,500000000.0,,,-200000000.0,,,,,,,,,
,-490234871.180348,0.19293,7918000000.0,2694000000.0,1846000000.0,6963000000.0,5377000000.0,3531000000.0,4744765128.819652,2694000000.0,17193000000.0,,2427900000.0,2407298000.0,1.11,1.119097,2694000000.0,2694000000.0,2694000000.0,2694000000.0,2694000000.0,644000000.0,3338000000.0,-2041000000.0,500000000.0,5278000000.0,10230000000.0,4952000000.0,5278000000.0,15508000000.0,6963000000.0,22471000000.0,22471000000.0,-2541000000.0,-2541000000.0,99000000.0,193000000.0,292000000.0,,,,-2541000000.0,141000000.0,99000000.0,193000000.0,292000000.0,0.0,,,5278000000.0,5478000000.0,JNJ,2024-09-30 00:00:00,,,,,,0.0,,,,,,2400000000.0,,,-200000000.0,,,,,,,,,
,-6921533.316182,0.117314,5979000000.0,3431000000.0,1896000000.0,7128000000.0,5920000000.0,4024000000.0,3483078466.683818,3431000000.0,18679000000.0,,2427100000.0,2406922000.0,1.41,1.425472,3431000000.0,3431000000.0,3431000000.0,3431000000.0,3431000000.0,456000000.0,3887000000.0,-59000000.0,0.0,3841000000.0,11551000000.0,5298000000.0,6253000000.0,15392000000.0,7128000000.0,22520000000.0,22520000000.0,-59000000.0,-59000000.0,144000000.0,137000000.0,281000000.0,,,,-159000000.0,142000000.0,144000000.0,137000000.0,281000000.0,,100000000.0,,6253000000.0,6453000000.0,JNJ,2024-12-31 00:00:00,,,,,,0.0,,,,,,0.0,,,-200000000.0,,,,,,,,,
,1328419000.0,0.193,8724000000.0,10999000000.0,1772000000.0,7357000000.0,15607000000.0,13835000000.0,5444419000.0,10999000000.0,15594000000.0,,2423800000.0,2405625000.0,4.54,4.572201,10999000000.0,10999000000.0,10999000000.0,10999000000.0,10999000000.0,2632000000.0,13631000000.0,7204000000.0,321000000.0,6299000000.0,8237000000.0,3225000000.0,5012000000.0,14536000000.0,7357000000.0,21893000000.0,21893000000.0,6883000000.0,6883000000.0,128000000.0,204000000.0,332000000.0,,,,6883000000.0,117000000.0,128000000.0,204000000.0,332000000.0,,,,5012000000.0,5112000000.0,JNJ,2025-03-31 00:00:00,,,,,,,,,,,,-7000000000.0,,,-100000000.0,,,,,,,,,
,-68195347.404098,0.146973,9206000000.0,5537000000.0,1943000000.0,7628000000.0,8742000000.0,6799000000.0,5932804652.595902,5537000000.0,16933000000.0,,2419100000.0,2406779000.0,2.29,2.300585,5537000000.0,5537000000.0,5537000000.0,5537000000.0,5537000000.0,954000000.0,6491000000.0,-264000000.0,200000000.0,6810000000.0,9305000000.0,3516000000.0,5789000000.0,16115000000.0,7628000000.0,23743000000.0,23743000000.0,-464000000.0,-464000000.0,-48000000.0,308000000.0,260000000.0,,,,-464000000.0,164000000.0,-48000000.0,308000000.0,260000000.0,0.0,,,5789000000.0,5889000000.0,JNJ,2025-06-30 00:00:00,,,,,,,,,,,,300000000.0,,,-100000000.0,,,,,,,,,
,,,,,,,,,,,,,,,,,,,,,,,,,,,,,,,,,,,,,,,,,,,,,,,,,,,,JNJ,2024-03-31 00:00:00,,,,,,0.0,,,,,,,0.0,,,,,,,,,,,
,-273629436.325678,0.18476,9281000000.0,4686000000.0,1782000000.0,6869000000.0,7800000000.0,6018000000.0,5893370563.674322,4686000000.0,15790000000.0,,2422000000.0,2406846000.0,1.93,1.946946,4686000000.0,4686000000.0,4686000000.0,4686000000.0,4686000000.0,1062000000.0,5748000000.0,-1081000000.0,400000000.0,6657000000.0,8921000000.0,3440000000.0,5481000000.0,15578000000.0,6869000000.0,22447000000.0,22447000000.0,-1481000000.0,-1481000000.0,125000000.0,270000000.0,395000000.0,,,,-1081000000.0,387000000.0,125000000.0,270000000.0,395000000.0,194000000.0,-400000000.0,,5481000000.0,5681000000.0,JNJ,2024-06-30 00:00:00,,,,,,0.0,,,,,,500000000.0,,,-200000000.0,,,,,,,,,
,-490234871.180348,0.19293,7918000000.0,2694000000.0,1846000000.0,6963000000.0,5377000000.0,3531000000.0,4744765128.819652,2694000000.0,17193000000.0,,2427900000.0,2407298000.0,1.11,1.119097,2694000000.0,2694000000.0,2694000000.0,2694000000.0,2694000000.0,644000000.0,3338000000.0,-2041000000.0,500000000.0,5278000000.0,10230000000.0,4952000000.0,5278000000.0,15508000000.0,6963000000.0,22471000000.0,22471000000.0,-2541000000.0,-2541000000.0,99000000.0,193000000.0,292000000.0,,,,-2541000000.0,141000000.0,99000000.0,193000000.0,292000000.0,0.0,,,5278000000.0,5478000000.0,JNJ,2024-09-30 00:00:00,,,,,,0.0,,,,,,2400000000.0,,,-200000000.0,,,,,,,,,
,-6921533.316182,0.117314,5979000000.0,3431000000.0,1896000000.0,7128000000.0,5920000000.0,4024000000.0,3483078466.683818,3431000000.0,18679000000.0,,2427100000.0,2406922000.0,1.41,1.425472,3431000000.0,3431000000.0,3431000000.0,3431000000.0,3431000000.0,456000000.0,3887000000.0,-59000000.0,0.0,3841000000.0,11551000000.0,5298000000.0,6253000000.0,15392000000.0,7128000000.0,22520000000.0,22520000000.0,-59000000.0,-59000000.0,144000000.0,137000000.0,281000000.0,,,,-159000000.0,142000000.0,144000000.0,137000000.0,281000000.0,,100000000.0,,6253000000.0,6453000000.0,JNJ,2024-12-31 00:00:00,,,,,,0.0,,,,,,0.0,,,-200000000.0,,,,,,,,,
,1328419000.0,0.193,8724000000.0,10999000000.0,1772000000.0,7357000000.0,15607000000.0,13835000000.0,5444419000.0,10999000000.0,15594000000.0,,2423800000.0,2405625000.0,4.54,4.572201,10999000000.0,10999000000.0,10999000000.0,10999000000.0,10999000000.0,2632000000.0,13631000000.0,7204000000.0,321000000.0,6299000000.0,8237000000.0,3225000000.0,5012000000.0,14536000000.0,7357000000.0,21893000000.0,21893000000.0,6883000000.0,6883000000.0,128000000.0,204000000.0,332000000.0,,,,6883000000.0,117000000.0,128000000.0,204000000.0,332000000.0,,,,5012000000.0,5112000000.0,JNJ,2025-03-31 00:00:00,,,,,,,,,,,,-7000000000.0,,,-100000000.0,,,,,,,,,
,-68195347.404098,0.146973,9206000000.0,5537000000.0,1943000000.0,7628000000.0,8742000000.0,6799000000.0,5932804652.595902,5537000000.0,16933000000.0,,2419100000.0,2406779000.0,2.29,2.300585,5537000000.0,5537000000.0,5537000000.0,5537000000.0,5537000000.0,954000000.0,6491000000.0,-264000000.0,200000000.0,6810000000.0,9305000000.0,3516000000.0,5789000000.0,16115000000.0,7628000000.0,23743000000.0,23743000000.0,-464000000.0,-464000000.0,-48000000.0,308000000.0,260000000.0,,,,-464000000.0,164000000.0,-48000000.0,308000000.0,260000000.0,0.0,,,5789000000.0,5889000000.0,JNJ,2025-06-30 00:00:00,,,,,,,,,,,,300000000.0,,,-100000000.0,,,,,,,,,
,,,,,,,,,,,,,,,,,,,,,,,,,,,,,,,,,,,,,,,,,,,230000000.0,,,,,,,,,JPM,2024-03-31 00:00:00,,,,,,,,,,,,,,248000000.0,,,,,,,,,,
,1757563985.491786,0.22556,,18149000000.0,2002000000.0,,,,12114563985.491783,18149000000.0,,,2894900000.0,2889800000.0,6.12,6.13,17718000000.0,17718000000.0,18149000000.0,18149000000.0,18149000000.0,5286000000.0,23435000000.0,,,,,,14174000000.0,,,42068000000.0,42068000000.0,7792000000.0,7792000000.0,22746000000.0,25767000000.0,48513000000.0,,114000000.0,,7792000000.0,-119000000.0,,,,,-570000000.0,1221000000.0,12953000000.0,,JPM,2024-06-30 00:00:00,,,,,,,,,,,,-7673000000.0,,,12953000000.0,,,,317000000.0,,3695000000.0,2722000000.0,2805000000.0,
,-96240000.0,0.24,,12898000000.0,1967000000.0,,,,13202760000.0,12898000000.0,,,2865900000.0,2860600000.0,4.37,4.38,12537000000.0,12537000000.0,12898000000.0,12898000000.0,12898000000.0,4080000000.0,16978000000.0,,,,,,14075000000.0,,,42656000000.0,42656000000.0,-401000000.0,-401000000.0,23405000000.0,27011000000.0,50416000000.0,,75000000.0,,-401000000.0,142000000.0,,,,,-14000000.0,1258000000.0,12817000000.0,,JPM,2024-09-30 00:00:00,,,,,,,,,,,,259000000.0,,,12817000000.0,,,,286000000.0,,3705000000.0,2780000000.0,1604000000.0,
,-217813525.179856,0.193957,,14005000000.0,1965000000.0,,,,14910186474.820145,14005000000.0,,,2842400000.0,2836900000.0,4.81,4.82,13669000000.0,13669000000.0,14005000000.0,14005000000.0,14005000000.0,3370000000.0,17375000000.0,,,,,,13804000000.0,,,42791000000.0,42791000000.0,-1123000000.0,-1123000000.0,23350000000.0,24216000000.0,47566000000.0,,77000000.0,,-1123000000.0,162000000.0,,,,,-69000000.0,1335000000.0,12469000000.0,,JPM,2024-12-31 00:00:00,,,,,,,,,,,,961000000.0,,,12469000000.0,,,,259000000.0,,3825000000.0,3007000000.0,1003000000.0,
,-91020000.0,0.205,,14643000000.0,2030000000.0,,,,14995980000.0,14643000000.0,,,2824300000.0,2819400000.0,5.07,5.08,14317000000.0,14317000000.0,14643000000.0,14643000000.0,14643000000.0,3765000000.0,18408000000.0,,,,,,15731000000.0,,,45327000000.0,45327000000.0,-444000000.0,-444000000.0,23273000000.0,23580000000.0,46853000000.0,,71000000.0,,-444000000.0,,,,,,-20000000.0,1304000000.0,14427000000.0,,JPM,2025-03-31 00:00:00,,,,,,,,,,,,444000000.0,,334000000.0,14093000000.0,,,,255000000.0,,3880000000.0,2839000000.0,703000000.0,
,-14065084.226646,0.180322,,14987000000.0,2210000000.0,,,,15050934915.773354,14987000000.0,,,2793700000.0,2788700000.0,5.24,5.25,14630000000.0,14630000000.0,14987000000.0,14987000000.0,14987000000.0,3297000000.0,18284000000.0,,,,,,14989000000.0,,,44882000000.0,44882000000.0,-78000000.0,-78000000.0,23209000000.0,25032000000.0,48241000000.0,,75000000.0,,-78000000.0,,,,,,-44000000.0,1279000000.0,13710000000.0,,JPM,2025-06-30 00:00:00,,,,,,,,,,,,78000000.0,,,13710000000.0,,,,282000000.0,,3968000000.0,3006000000.0,1698000000.0,
,,,,,,,,,,,,,,,,,,,,,,,,,,,,,,,,,,,,,,,,,,,230000000.0,,,,,,,,,JPM,2024-03-31 00:00:00,,,,,,,,,,,,,,248000000.0,,,,,,,,,,
,1757563985.491786,0.22556,,18149000000.0,2002000000.0,,,,12114563985.491783,18149000000.0,,,2894900000.0,2889800000.0,6.12,6.13,17718000000.0,17718000000.0,18149000000.0,18149000000.0,18149000000.0,5286000000.0,23435000000.0,,,,,,14174000000.0,,,42068000000.0,42068000000.0,7792000000.0,7792000000.0,22746000000.0,25767000000.0,48513000000.0,,114000000.0,,7792000000.0,-119000000.0,,,,,-570000000.0,1221000000.0,12953000000.0,,JPM,2024-06-30 00:00:00,,,,,,,,,,,,-7673000000.0,,,12953000000.0,,,,317000000.0,,3695000000.0,2722000000.0,2805000000.0,
,-96240000.0,0.24,,12898000000.0,1967000000.0,,,,13202760000.0,12898000000.0,,,2865900000.0,2860600000.0,4.37,4.38,12537000000.0,12537000000.0,12898000000.0,12898000000.0,12898000000.0,4080000000.0,16978000000.0,,,,,,14075000000.0,,,42656000000.0,42656000000.0,-401000000.0,-401000000.0,23405000000.0,27011000000.0,50416000000.0,,75000000.0,,-401000000.0,142000000.0,,,,,-14000000.0,1258000000.0,12817000000.0,,JPM,2024-09-30 00:00:00,,,,,,,,,,,,259000000.0,,,12817000000.0,,,,286000000.0,,3705000000.0,2780000000.0,1604000000.0,
,-217813525.179856,0.193957,,14005000000.0,1965000000.0,,,,14910186474.820145,14005000000.0,,,2842400000.0,2836900000.0,4.81,4.82,13669000000.0,13669000000.0,14005000000.0,14005000000.0,14005000000.0,3370000000.0,17375000000.0,,,,,,13804000000.0,,,42791000000.0,42791000000.0,-1123000000.0,-1123000000.0,23350000000.0,24216000000.0,47566000000.0,,77000000.0,,-1123000000.0,162000000.0,,,,,-69000000.0,1335000000.0,12469000000.0,,JPM,2024-12-31 00:00:00,,,,,,,,,,,,961000000.0,,,12469000000.0,,,,259000000.0,,3825000000.0,3007000000.0,1003000000.0,
,-91020000.0,0.205,,14643000000.0,2030000000.0,,,,14995980000.0,14643000000.0,,,2824300000.0,2819400000.0,5.07,5.08,14317000000.0,14317000000.0,14643000000.0,14643000000.0,14643000000.0,3765000000.0,18408000000.0,,,,,,15731000000.0,,,45327000000.0,45327000000.0,-444000000.0,-444000000.0,23273000000.0,23580000000.0,46853000000.0,,71000000.0,,-444000000.0,,,,,,-20000000.0,1304000000.0,14427000000.0,,JPM,2025-03-31 00:00:00,,,,,,,,,,,,444000000.0,,334000000.0,14093000000.0,,,,255000000.0,,3880000000.0,2839000000.0,703000000.0,
,-14065084.226646,0.180322,,14987000000.0,2210000000.0,,,,15050934915.773354,14987000000.0,,,2793700000.0,2788700000.0,5.24,5.25,14630000000.0,14630000000.0,14987000000.0,14987000000.0,14987000000.0,3297000000.0,18284000000.0,,,,,,14989000000.0,,,44882000000.0,44882000000.0,-78000000.0,-78000000.0,23209000000.0,25032000000.0,48241000000.0,,75000000.0,,-78000000.0,,,,,,-44000000.0,1279000000.0,13710000000.0,,JPM,2025-06-30 00:00:00,,,,,,,,,,,,78000000.0,,,13710000000.0,,,,282000000.0,,3968000000.0,3006000000.0,1698000000.0,
,,,,,,,,,,,,,,,,,,,,,,,,,,,,,,,,,,,,,,,,,,,,,,,760000000.0,,,,2190000000.0,KO,2024-03-31 00:00:00,,,,,,,4000000.0,4000000.0,4000000.0,4000000.0,516000000.0,,760000000.0,,68000000.0,,,,,,,,,
,-274571334.214003,0.207067,5041000000.0,2411000000.0,269000000.0,4546000000.0,3715000000.0,3446000000.0,3462428665.785997,2411000000.0,8392000000.0,2632000000.0,4319000000.0,4309000000.0,0.56,0.56,2411000000.0,2411000000.0,2411000000.0,2401000000.0,2401000000.0,627000000.0,3028000000.0,-800000000.0,-11000000.0,3971000000.0,3580000000.0,,3549000000.0,7551000000.0,4812000000.0,12363000000.0,12363000000.0,-1326000000.0,-1326000000.0,-143000000.0,418000000.0,275000000.0,,,10000000.0,-1360000000.0,1337000000.0,-143000000.0,418000000.0,275000000.0,34000000.0,34000000.0,1400000000.0,2149000000.0,2149000000.0,KO,2024-06-30 00:00:00,,537000000.0,,28000000.0,,,3000000.0,3000000.0,3000000.0,3000000.0,,-11000000.0,,,72000000.0,,,,,,,,,
,-75046000.0,0.157,4551000000.0,2848000000.0,268000000.0,4400000000.0,4073000000.0,3805000000.0,3250954000.0,2848000000.0,8338000000.0,2510000000.0,4323000000.0,4311000000.0,0.66,0.66,2848000000.0,2848000000.0,2848000000.0,2850000000.0,2850000000.0,530000000.0,3380000000.0,26000000.0,-37000000.0,3516000000.0,3674000000.0,,2046000000.0,7190000000.0,4664000000.0,11854000000.0,11854000000.0,-478000000.0,-478000000.0,-162000000.0,425000000.0,263000000.0,,,-2000000.0,-648000000.0,919000000.0,-162000000.0,425000000.0,263000000.0,,170000000.0,1979000000.0,67000000.0,,KO,2024-09-30 00:00:00,,541000000.0,,1624000000.0,,,4000000.0,4000000.0,4000000.0,4000000.0,322000000.0,-36000000.0,87000000.0,,67000000.0,,,,,,,,,
,-42477904.490378,0.211333,3714000000.0,2195000000.0,276000000.0,4613000000.0,3513000000.0,3237000000.0,2353522095.509622,2195000000.0,8679000000.0,2709000000.0,4317000000.0,4306000000.0,0.51,0.51,2195000000.0,2195000000.0,2195000000.0,2213000000.0,2213000000.0,593000000.0,2806000000.0,168000000.0,31000000.0,2865000000.0,4066000000.0,,1980000000.0,6931000000.0,4613000000.0,11544000000.0,11544000000.0,-201000000.0,-201000000.0,-227000000.0,431000000.0,204000000.0,,,-18000000.0,-177000000.0,-775000000.0,-227000000.0,431000000.0,204000000.0,0.0,-24000000.0,1901000000.0,79000000.0,,KO,2024-12-31 00:00:00,,338000000.0,,2097000000.0,,,,,,,-871000000.0,42000000.0,39000000.0,,79000000.0,,,,,,,,,
,41118000.0,0.178,4480000000.0,3330000000.0,267000000.0,3899000000.0,4711000000.0,4444000000.0,3140118000.0,3330000000.0,7411000000.0,3659000000.0,4313000000.0,4302000000.0,0.77,0.77,3330000000.0,3330000000.0,3330000000.0,3335000000.0,3335000000.0,722000000.0,4057000000.0,546000000.0,-36000000.0,3718000000.0,3248000000.0,,3234000000.0,6966000000.0,4163000000.0,11129000000.0,11129000000.0,231000000.0,231000000.0,-207000000.0,387000000.0,180000000.0,,,-5000000.0,211000000.0,92000000.0,-207000000.0,387000000.0,180000000.0,25000000.0,20000000.0,1089000000.0,2145000000.0,2145000000.0,KO,2025-03-31 00:00:00,,351000000.0,,11000000.0,,,3000000.0,3000000.0,3000000.0,3000000.0,331000000.0,3000000.0,,,,,,,,,,,,
,39131984.98749,0.207048,5331000000.0,3810000000.0,279000000.0,4439000000.0,5520000000.0,5241000000.0,3660131984.98749,3810000000.0,8216000000.0,4280000000.0,4315000000.0,4304000000.0,0.88,0.89,3810000000.0,3810000000.0,3810000000.0,3803000000.0,3803000000.0,993000000.0,4796000000.0,741000000.0,-9000000.0,4319000000.0,3502000000.0,,3470000000.0,7821000000.0,4714000000.0,12535000000.0,12535000000.0,189000000.0,189000000.0,-257000000.0,445000000.0,188000000.0,,,7000000.0,-6000000.0,-95000000.0,-257000000.0,445000000.0,188000000.0,40000000.0,195000000.0,1328000000.0,2142000000.0,2142000000.0,KO,2025-06-30 00:00:00,,561000000.0,,28000000.0,,,4000000.0,4000000.0,4000000.0,4000000.0,,2000000.0,31000000.0,,,,,,,-28000000.0,,,,
,,,,,,,,,,,,,,,,,,,,,,,,,,,,,,,,,,,,,,,,,,,,,,,760000000.0,,,,2190000000.0,KO,2024-03-31 00:00:00,,,,,,,4000000.0,4000000.0,4000000.0,4000000.0,516000000.0,,760000000.0,,68000000.0,,,,,,,,,
,-274571334.214003,0.207067,5041000000.0,2411000000.0,269000000.0,4546000000.0,3715000000.0,3446000000.0,3462428665.785997,2411000000.0,8392000000.0,2632000000.0,4319000000.0,4309000000.0,0.56,0.56,2411000000.0,2411000000.0,2411000000.0,2401000000.0,2401000000.0,627000000.0,3028000000.0,-800000000.0,-11000000.0,3971000000.0,3580000000.0,,3549000000.0,7551000000.0,4812000000.0,12363000000.0,12363000000.0,-1326000000.0,-1326000000.0,-143000000.0,418000000.0,275000000.0,,,10000000.0,-1360000000.0,1337000000.0,-143000000.0,418000000.0,275000000.0,34000000.0,34000000.0,1400000000.0,2149000000.0,2149000000.0,KO,2024-06-30 00:00:00,,537000000.0,,28000000.0,,,3000000.0,3000000.0,3000000.0,3000000.0,,-11000000.0,,,72000000.0,,,,,,,,,
,-75046000.0,0.157,4551000000.0,2848000000.0,268000000.0,4400000000.0,4073000000.0,3805000000.0,3250954000.0,2848000000.0,8338000000.0,2510000000.0,4323000000.0,4311000000.0,0.66,0.66,2848000000.0,2848000000.0,2848000000.0,2850000000.0,2850000000.0,530000000.0,3380000000.0,26000000.0,-37000000.0,3516000000.0,3674000000.0,,2046000000.0,7190000000.0,4664000000.0,11854000000.0,11854000000.0,-478000000.0,-478000000.0,-162000000.0,425000000.0,263000000.0,,,-2000000.0,-648000000.0,919000000.0,-162000000.0,425000000.0,263000000.0,,170000000.0,1979000000.0,67000000.0,,KO,2024-09-30 00:00:00,,541000000.0,,1624000000.0,,,4000000.0,4000000.0,4000000.0,4000000.0,322000000.0,-36000000.0,87000000.0,,67000000.0,,,,,,,,,
,-42477904.490378,0.211333,3714000000.0,2195000000.0,276000000.0,4613000000.0,3513000000.0,3237000000.0,2353522095.509622,2195000000.0,8679000000.0,2709000000.0,4317000000.0,4306000000.0,0.51,0.51,2195000000.0,2195000000.0,2195000000.0,2213000000.0,2213000000.0,593000000.0,2806000000.0,168000000.0,31000000.0,2865000000.0,4066000000.0,,1980000000.0,6931000000.0,4613000000.0,11544000000.0,11544000000.0,-201000000.0,-201000000.0,-227000000.0,431000000.0,204000000.0,,,-18000000.0,-177000000.0,-775000000.0,-227000000.0,431000000.0,204000000.0,0.0,-24000000.0,1901000000.0,79000000.0,,KO,2024-12-31 00:00:00,,338000000.0,,2097000000.0,,,,,,,-871000000.0,42000000.0,39000000.0,,79000000.0,,,,,,,,,
,41118000.0,0.178,4480000000.0,3330000000.0,267000000.0,3899000000.0,4711000000.0,4444000000.0,3140118000.0,3330000000.0,7411000000.0,3659000000.0,4313000000.0,4302000000.0,0.77,0.77,3330000000.0,3330000000.0,3330000000.0,3335000000.0,3335000000.0,722000000.0,4057000000.0,546000000.0,-36000000.0,3718000000.0,3248000000.0,,3234000000.0,6966000000.0,4163000000.0,11129000000.0,11129000000.0,231000000.0,231000000.0,-207000000.0,387000000.0,180000000.0,,,-5000000.0,211000000.0,92000000.0,-207000000.0,387000000.0,180000000.0,25000000.0,20000000.0,1089000000.0,2145000000.0,2145000000.0,KO,2025-03-31 00:00:00,,351000000.0,,11000000.0,,,3000000.0,3000000.0,3000000.0,3000000.0,331000000.0,3000000.0,,,,,,,,,,,,
,39131984.98749,0.207048,5331000000.0,3810000000.0,279000000.0,4439000000.0,5520000000.0,5241000000.0,3660131984.98749,3810000000.0,8216000000.0,4280000000.0,4315000000.0,4304000000.0,0.88,0.89,3810000000.0,3810000000.0,3810000000.0,3803000000.0,3803000000.0,993000000.0,4796000000.0,741000000.0,-9000000.0,4319000000.0,3502000000.0,,3470000000.0,7821000000.0,4714000000.0,12535000000.0,12535000000.0,189000000.0,189000000.0,-257000000.0,445000000.0,188000000.0,,,7000000.0,-6000000.0,-95000000.0,-257000000.0,445000000.0,188000000.0,40000000.0,195000000.0,1328000000.0,2142000000.0,2142000000.0,KO,2025-06-30 00:00:00,,561000000.0,,28000000.0,,,4000000.0,4000000.0,4000000.0,4000000.0,,2000000.0,31000000.0,,,,,,,-28000000.0,,,,
,,,,,,,,,,,,,,,,,,,,,,,,,,,,,,,,,,,,,,,,,,0.0,0.0,,,,,,,,,LEU,2024-03-31 00:00:00,,,,,,,,,,,,,,,,,,,,,,,,
,540759.493671,0.225316,41300000.0,30600000.0,3900000.0,152300000.0,43700000.0,39800000.0,28740759.493671,30600000.0,167900000.0,21100000.0,16226000.0,16185000.0,1.89,1.89,30600000.0,30600000.0,30600000.0,30600000.0,30600000.0,8900000.0,39500000.0,18700000.0,16300000.0,21100000.0,15400000.0,,7600000.0,36500000.0,152500000.0,189000000.0,189000000.0,2400000.0,2400000.0,-300000.0,300000.0,,,,,0.0,0.0,-300000.0,300000.0,,,2400000.0,,7600000.0,7100000.0,LEU,2024-06-30 00:00:00,,,,4100000.0,,,3700000.0,3700000.0,3700000.0,3700000.0,,,,,500000.0,,,,,,,,,
,396610.169492,0.152542,-5700000.0,-5000000.0,2700000.0,48500000.0,-3100000.0,-5800000.0,-7203389.830508,-5000000.0,65300000.0,-7600000.0,16422000.0,16422000.0,-0.3,-0.3,-5000000.0,-5000000.0,-5000000.0,-5000000.0,-5000000.0,-900000.0,-5900000.0,1800000.0,-800000.0,-7600000.0,16500000.0,,10000000.0,8900000.0,48800000.0,57700000.0,57700000.0,2600000.0,2600000.0,-100000.0,100000.0,,,,,,,-100000.0,100000.0,,,2600000.0,,10000000.0,10000000.0,LEU,2024-09-30 00:00:00,,,,4100000.0,,,2400000.0,2400000.0,2400000.0,2400000.0,,,,,,,,,,,,,,
,1008000.0,0.21,47800000.0,53700000.0,2900000.0,89500000.0,52600000.0,49700000.0,49908000.0,53700000.0,106200000.0,45100000.0,16778000.0,16716000.0,3.2,3.21,53700000.0,53700000.0,53700000.0,53700000.0,53700000.0,-5900000.0,47800000.0,4300000.0,-500000.0,45400000.0,16400000.0,,10500000.0,61800000.0,89800000.0,151600000.0,151600000.0,4800000.0,4800000.0,-1900000.0,1900000.0,,,,,,,-1900000.0,1900000.0,,,5100000.0,,,,LEU,2024-12-31 00:00:00,,,,3300000.0,,,2600000.0,2600000.0,2600000.0,2600000.0,,,,,,,,,,,,,,
,4340909.090909,0.227273,21000000.0,27200000.0,1500000.0,39800000.0,40100000.0,38600000.0,12440909.090909,27200000.0,52600000.0,20500000.0,17048000.0,16982000.0,1.6,1.6,27200000.0,27200000.0,27200000.0,27200000.0,27200000.0,8000000.0,35200000.0,18100000.0,-1000000.0,20500000.0,12400000.0,,8300000.0,32900000.0,40200000.0,73100000.0,73100000.0,19100000.0,19100000.0,-3400000.0,3400000.0,,,,,11800000.0,,-3400000.0,3400000.0,,,7300000.0,,,,LEU,2025-03-31 00:00:00,,,,3000000.0,,,1100000.0,1100000.0,1100000.0,1100000.0,,-11800000.0,,,,,,,,,,,,
,1818181.818182,0.227273,36400000.0,28900000.0,3900000.0,100400000.0,44400000.0,40500000.0,22718181.818182,28900000.0,121000000.0,33500000.0,18121000.0,17703000.0,1.59,1.63,28900000.0,28900000.0,28900000.0,28900000.0,28900000.0,8500000.0,37400000.0,7000000.0,-1000000.0,33500000.0,20400000.0,,13400000.0,53900000.0,100600000.0,154500000.0,154500000.0,8000000.0,8000000.0,-3100000.0,3100000.0,,,,,0.0,,-3100000.0,3100000.0,,,8000000.0,,13400000.0,9200000.0,LEU,2025-06-30 00:00:00,,,,3300000.0,,,3700000.0,3700000.0,3700000.0,3700000.0,,,,,4200000.0,,,,,,,,,
,,,,,,,,,,,,,,,,,,,,,,,,,,,,,,,,,,,,,,,,,,0.0,0.0,,,,,,,,,LEU,2024-03-31 00:00:00,,,,,,,,,,,,,,,,,,,,,,,,
,540759.493671,0.225316,41300000.0,30600000.0,3900000.0,152300000.0,43700000.0,39800000.0,28740759.493671,30600000.0,167900000.0,21100000.0,16226000.0,16185000.0,1.89,1.89,30600000.0,30600000.0,30600000.0,30600000.0,30600000.0,8900000.0,39500000.0,18700000.0,16300000.0,21100000.0,15400000.0,,7600000.0,36500000.0,152500000.0,189000000.0,189000000.0,2400000.0,2400000.0,-300000.0,300000.0,,,,,0.0,0.0,-300000.0,300000.0,,,2400000.0,,7600000.0,7100000.0,LEU,2024-06-30 00:00:00,,,,4100000.0,,,3700000.0,3700000.0,3700000.0,3700000.0,,,,,500000.0,,,,,,,,,
,396610.169492,0.152542,-5700000.0,-5000000.0,2700000.0,48500000.0,-3100000.0,-5800000.0,-7203389.830508,-5000000.0,65300000.0,-7600000.0,16422000.0,16422000.0,-0.3,-0.3,-5000000.0,-5000000.0,-5000000.0,-5000000.0,-5000000.0,-900000.0,-5900000.0,1800000.0,-800000.0,-7600000.0,16500000.0,,10000000.0,8900000.0,48800000.0,57700000.0,57700000.0,2600000.0,2600000.0,-100000.0,100000.0,,,,,,,-100000.0,100000.0,,,2600000.0,,10000000.0,10000000.0,LEU,2024-09-30 00:00:00,,,,4100000.0,,,2400000.0,2400000.0,2400000.0,2400000.0,,,,,,,,,,,,,,
,1008000.0,0.21,47800000.0,53700000.0,2900000.0,89500000.0,52600000.0,49700000.0,49908000.0,53700000.0,106200000.0,45100000.0,16778000.0,16716000.0,3.2,3.21,53700000.0,53700000.0,53700000.0,53700000.0,53700000.0,-5900000.0,47800000.0,4300000.0,-500000.0,45400000.0,16400000.0,,10500000.0,61800000.0,89800000.0,151600000.0,151600000.0,4800000.0,4800000.0,-1900000.0,1900000.0,,,,,,,-1900000.0,1900000.0,,,5100000.0,,,,LEU,2024-12-31 00:00:00,,,,3300000.0,,,2600000.0,2600000.0,2600000.0,2600000.0,,,,,,,,,,,,,,
,4340909.090909,0.227273,21000000.0,27200000.0,1500000.0,39800000.0,40100000.0,38600000.0,12440909.090909,27200000.0,52600000.0,20500000.0,17048000.0,16982000.0,1.6,1.6,27200000.0,27200000.0,27200000.0,27200000.0,27200000.0,8000000.0,35200000.0,18100000.0,-1000000.0,20500000.0,12400000.0,,8300000.0,32900000.0,40200000.0,73100000.0,73100000.0,19100000.0,19100000.0,-3400000.0,3400000.0,,,,,11800000.0,,-3400000.0,3400000.0,,,7300000.0,,,,LEU,2025-03-31 00:00:00,,,,3000000.0,,,1100000.0,1100000.0,1100000.0,1100000.0,,-11800000.0,,,,,,,,,,,,
,1818181.818182,0.227273,36400000.0,28900000.0,3900000.0,100400000.0,44400000.0,40500000.0,22718181.818182,28900000.0,121000000.0,33500000.0,18121000.0,17703000.0,1.59,1.63,28900000.0,28900000.0,28900000.0,28900000.0,28900000.0,8500000.0,37400000.0,7000000.0,-1000000.0,33500000.0,20400000.0,,13400000.0,53900000.0,100600000.0,154500000.0,154500000.0,8000000.0,8000000.0,-3100000.0,3100000.0,,,,,0.0,,-3100000.0,3100000.0,,,8000000.0,,13400000.0,9200000.0,LEU,2025-06-30 00:00:00,,,,3300000.0,,,3700000.0,3700000.0,3700000.0,3700000.0,,,,,4200000.0,,,,,,,,,
,,,,,,,,,,,,,935000000.0,,3.22,,,,,,,,,,,,,,,,,,,,,,,,,,,,,,,,,,,,,MA,2024-03-31 00:00:00,,,,,,,,,,,,,,,,,,,,,,,,
,-9688000.0,0.173,4373000000.0,3258000000.0,225000000.0,1607000000.0,4317000000.0,4092000000.0,3304312000.0,3258000000.0,2822000000.0,4036000000.0,930000000.0,929000000.0,3.5,3.51,3258000000.0,3258000000.0,3258000000.0,3258000000.0,3258000000.0,681000000.0,3939000000.0,-47000000.0,9000000.0,4139000000.0,1215000000.0,,990000000.0,5354000000.0,1607000000.0,6961000000.0,6961000000.0,-56000000.0,-56000000.0,-153000000.0,153000000.0,,,,,-98000000.0,,-153000000.0,153000000.0,,,42000000.0,184000000.0,806000000.0,806000000.0,MA,2024-06-30 00:00:00,,,,,,,225000000.0,225000000.0,,,,98000000.0,,,,,,,,,,,,
,-27768000.0,0.156,4428000000.0,3263000000.0,225000000.0,1899000000.0,4250000000.0,4025000000.0,3413232000.0,3263000000.0,3173000000.0,4004000000.0,925000000.0,923000000.0,3.53,3.54,3263000000.0,3263000000.0,3263000000.0,3263000000.0,3263000000.0,603000000.0,3866000000.0,-171000000.0,7000000.0,4196000000.0,1274000000.0,,1049000000.0,5470000000.0,1899000000.0,7369000000.0,7369000000.0,-178000000.0,-178000000.0,-159000000.0,159000000.0,,,,,-176000000.0,,-159000000.0,159000000.0,,,-2000000.0,220000000.0,829000000.0,829000000.0,MA,2024-09-30 00:00:00,,,,,,,225000000.0,225000000.0,,,,176000000.0,,,,,,,,,,,,
,-22575173.477255,0.141095,4466000000.0,3342000000.0,231000000.0,1653000000.0,4306000000.0,4075000000.0,3479424826.522745,3342000000.0,3255000000.0,3938000000.0,919000000.0,917000000.0,3.64,3.64,3342000000.0,3342000000.0,3342000000.0,3342000000.0,3342000000.0,549000000.0,3891000000.0,-159000000.0,1000000.0,4234000000.0,1602000000.0,,1371000000.0,5836000000.0,1653000000.0,7489000000.0,7489000000.0,-160000000.0,-160000000.0,-184000000.0,184000000.0,,,,,-280000000.0,,-184000000.0,184000000.0,,,120000000.0,295000000.0,1076000000.0,1076000000.0,MA,2024-12-31 00:00:00,,,,,,,231000000.0,231000000.0,,,,280000000.0,,,,,,,,,,,,
,-17298000.0,0.186,4581000000.0,3280000000.0,275000000.0,1688000000.0,4488000000.0,4213000000.0,3355702000.0,3280000000.0,2949000000.0,4149000000.0,914000000.0,912000000.0,3.59,3.6,3280000000.0,3280000000.0,3280000000.0,3280000000.0,3280000000.0,751000000.0,4031000000.0,-88000000.0,5000000.0,4301000000.0,1261000000.0,,986000000.0,5562000000.0,1688000000.0,7250000000.0,7250000000.0,-93000000.0,-93000000.0,-182000000.0,182000000.0,,,,,-151000000.0,,-182000000.0,182000000.0,,,58000000.0,152000000.0,834000000.0,834000000.0,MA,2025-03-31 00:00:00,,,,,,,275000000.0,275000000.0,,,,151000000.0,,,,,,,,,,,,
,-13093535.958904,0.208,5211000000.0,3701000000.0,281000000.0,1852000000.0,5148000000.0,4867000000.0,3750906464.041096,3701000000.0,3219000000.0,4777000000.0,,908000000.0,,4.08,3701000000.0,3701000000.0,3701000000.0,3701000000.0,3701000000.0,971000000.0,4672000000.0,-47000000.0,16000000.0,4914000000.0,1367000000.0,,1086000000.0,6281000000.0,1852000000.0,8133000000.0,8133000000.0,-63000000.0,-63000000.0,-195000000.0,195000000.0,,,,,-96000000.0,,-195000000.0,195000000.0,,,33000000.0,213000000.0,873000000.0,873000000.0,MA,2025-06-30 00:00:00,,,,,,,281000000.0,281000000.0,,,,96000000.0,,,,,,,,,,,,
,,,,,,,,,,,,,935000000.0,,3.22,,,,,,,,,,,,,,,,,,,,,,,,,,,,,,,,,,,,,MA,2024-03-31 00:00:00,,,,,,,,,,,,,,,,,,,,,,,,
,-9688000.0,0.173,4373000000.0,3258000000.0,225000000.0,1607000000.0,4317000000.0,4092000000.0,3304312000.0,3258000000.0,2822000000.0,4036000000.0,930000000.0,929000000.0,3.5,3.51,3258000000.0,3258000000.0,3258000000.0,3258000000.0,3258000000.0,681000000.0,3939000000.0,-47000000.0,9000000.0,4139000000.0,1215000000.0,,990000000.0,5354000000.0,1607000000.0,6961000000.0,6961000000.0,-56000000.0,-56000000.0,-153000000.0,153000000.0,,,,,-98000000.0,,-153000000.0,153000000.0,,,42000000.0,184000000.0,806000000.0,806000000.0,MA,2024-06-30 00:00:00,,,,,,,225000000.0,225000000.0,,,,98000000.0,,,,,,,,,,,,
,-27768000.0,0.156,4428000000.0,3263000000.0,225000000.0,1899000000.0,4250000000.0,4025000000.0,3413232000.0,3263000000.0,3173000000.0,4004000000.0,925000000.0,923000000.0,3.53,3.54,3263000000.0,3263000000.0,3263000000.0,3263000000.0,3263000000.0,603000000.0,3866000000.0,-171000000.0,7000000.0,4196000000.0,1274000000.0,,1049000000.0,5470000000.0,1899000000.0,7369000000.0,7369000000.0,-178000000.0,-178000000.0,-159000000.0,159000000.0,,,,,-176000000.0,,-159000000.0,159000000.0,,,-2000000.0,220000000.0,829000000.0,829000000.0,MA,2024-09-30 00:00:00,,,,,,,225000000.0,225000000.0,,,,176000000.0,,,,,,,,,,,,
,-22575173.477255,0.141095,4466000000.0,3342000000.0,231000000.0,1653000000.0,4306000000.0,4075000000.0,3479424826.522745,3342000000.0,3255000000.0,3938000000.0,919000000.0,917000000.0,3.64,3.64,3342000000.0,3342000000.0,3342000000.0,3342000000.0,3342000000.0,549000000.0,3891000000.0,-159000000.0,1000000.0,4234000000.0,1602000000.0,,1371000000.0,5836000000.0,1653000000.0,7489000000.0,7489000000.0,-160000000.0,-160000000.0,-184000000.0,184000000.0,,,,,-280000000.0,,-184000000.0,184000000.0,,,120000000.0,295000000.0,1076000000.0,1076000000.0,MA,2024-12-31 00:00:00,,,,,,,231000000.0,231000000.0,,,,280000000.0,,,,,,,,,,,,
,-17298000.0,0.186,4581000000.0,3280000000.0,275000000.0,1688000000.0,4488000000.0,4213000000.0,3355702000.0,3280000000.0,2949000000.0,4149000000.0,914000000.0,912000000.0,3.59,3.6,3280000000.0,3280000000.0,3280000000.0,3280000000.0,3280000000.0,751000000.0,4031000000.0,-88000000.0,5000000.0,4301000000.0,1261000000.0,,986000000.0,5562000000.0,1688000000.0,7250000000.0,7250000000.0,-93000000.0,-93000000.0,-182000000.0,182000000.0,,,,,-151000000.0,,-182000000.0,182000000.0,,,58000000.0,152000000.0,834000000.0,834000000.0,MA,2025-03-31 00:00:00,,,,,,,275000000.0,275000000.0,,,,151000000.0,,,,,,,,,,,,
,-13093535.958904,0.208,5211000000.0,3701000000.0,281000000.0,1852000000.0,5148000000.0,4867000000.0,3750906464.041096,3701000000.0,3219000000.0,4777000000.0,,908000000.0,,4.08,3701000000.0,3701000000.0,3701000000.0,3701000000.0,3701000000.0,971000000.0,4672000000.0,-47000000.0,16000000.0,4914000000.0,1367000000.0,,1086000000.0,6281000000.0,1852000000.0,8133000000.0,8133000000.0,-63000000.0,-63000000.0,-195000000.0,195000000.0,,,,,-96000000.0,,-195000000.0,195000000.0,,,33000000.0,213000000.0,873000000.0,873000000.0,MA,2025-06-30 00:00:00,,,,,,,281000000.0,281000000.0,,,,96000000.0,,,,,,,,,,,,
,,,,,,,,,,,,,,,,,,,,,,,,,,,,,,,,,,,,,,,,,,,,,,,35000000.0,,,,,MCD,2024-03-31 00:00:00,,,,,,,,,,,,,,,,,,,,,,,,
,-32334637.964775,0.208611,3585000000.0,2022000000.0,502000000.0,2371000000.0,3430000000.0,2928000000.0,2144665362.035225,2022000000.0,3463000000.0,2920000000.0,722000000.0,717343247.0,2.8,2.818734,2022000000.0,2022000000.0,2022000000.0,2022000000.0,2022000000.0,533000000.0,2555000000.0,-120000000.0,-10000000.0,3027000000.0,691000000.0,,590000000.0,3718000000.0,2772000000.0,6490000000.0,6401000000.0,-155000000.0,-155000000.0,-353000000.0,373000000.0,20000000.0,629000000.0,,,-153000000.0,,-353000000.0,373000000.0,20000000.0,154000000.0,-2000000.0,,,,MCD,2024-06-30 00:00:00,,45000000.0,,,,,101000000.0,101000000.0,,,4000000.0,,,,,,,,,-3000000.0,,,,
,-20907000.0,0.207,3857000000.0,2255000000.0,532000000.0,2577000000.0,3756000000.0,3224000000.0,2335093000.0,2255000000.0,3645000000.0,3188000000.0,720000000.0,716619686.0,3.13,3.146718,2255000000.0,2255000000.0,2255000000.0,2255000000.0,2255000000.0,588000000.0,2843000000.0,-22000000.0,27000000.0,3229000000.0,647000000.0,,536000000.0,3876000000.0,2998000000.0,6874000000.0,6750000000.0,-101000000.0,-101000000.0,-363000000.0,381000000.0,18000000.0,646000000.0,,,-91000000.0,,-363000000.0,381000000.0,18000000.0,98000000.0,-10000000.0,,,,MCD,2024-09-30 00:00:00,,52000000.0,,,,,111000000.0,111000000.0,,,9000000.0,,,,,,,,,-2000000.0,,,,
,-3079196.217494,0.20528,3486000000.0,2016000000.0,553000000.0,2292000000.0,3471000000.0,2918000000.0,2027920803.782506,2016000000.0,3509000000.0,2868000000.0,719700000.0,715200000.0,2.8,2.82019,2016000000.0,2016000000.0,2016000000.0,2017000000.0,2017000000.0,521000000.0,2538000000.0,20000000.0,21000000.0,2879000000.0,800000000.0,,664000000.0,3679000000.0,2709000000.0,6388000000.0,6269000000.0,-15000000.0,-15000000.0,-362000000.0,380000000.0,18000000.0,3015000000.0,,,-25000000.0,,-362000000.0,380000000.0,18000000.0,,10000000.0,,,,MCD,2024-12-31 00:00:00,,14000000.0,,,,,136000000.0,136000000.0,,,72000000.0,,,,,,,,,-163000000.0,,,,
,-10098000.0,0.198,3277000000.0,1868000000.0,520000000.0,2206000000.0,3226000000.0,2706000000.0,1908902000.0,1868000000.0,3301000000.0,2648000000.0,718200000.0,715032727.0,2.6,2.612468,1868000000.0,1868000000.0,1868000000.0,1869000000.0,1869000000.0,461000000.0,2330000000.0,34000000.0,23000000.0,2654000000.0,682000000.0,,575000000.0,3336000000.0,2619000000.0,5955000000.0,5793000000.0,-51000000.0,-51000000.0,-359000000.0,376000000.0,17000000.0,620000000.0,,,-69000000.0,,-359000000.0,376000000.0,17000000.0,66000000.0,18000000.0,,,,MCD,2025-03-31 00:00:00,,62000000.0,,,,,107000000.0,107000000.0,,,8000000.0,,,,,,,,,-11000000.0,,,,
,-19976232.086683,0.212513,3889000000.0,2253000000.0,544000000.0,2443000000.0,3795000000.0,3251000000.0,2327023767.913317,2253000000.0,3582000000.0,3232000000.0,717600000.0,713604434.0,3.14,3.157211,2253000000.0,2253000000.0,2253000000.0,2253000000.0,2253000000.0,608000000.0,2861000000.0,-32000000.0,8000000.0,3261000000.0,701000000.0,,595000000.0,3962000000.0,2881000000.0,6843000000.0,6671000000.0,-94000000.0,-94000000.0,-370000000.0,390000000.0,20000000.0,654000000.0,,,-84000000.0,,-370000000.0,390000000.0,20000000.0,43000000.0,-10000000.0,,,,MCD,2025-06-30 00:00:00,,54000000.0,,,,,106000000.0,106000000.0,,,7000000.0,,,,,,,,,-48000000.0,,,,
,,,,,,,,,,,,,,,,,,,,,,,,,,,,,,,,,,,,,,,,,,,,,,,35000000.0,,,,,MCD,2024-03-31 00:00:00,,,,,,,,,,,,,,,,,,,,,,,,
,-32334637.964775,0.208611,3585000000.0,2022000000.0,502000000.0,2371000000.0,3430000000.0,2928000000.0,2144665362.035225,2022000000.0,3463000000.0,2920000000.0,722000000.0,717343247.0,2.8,2.818734,2022000000.0,2022000000.0,2022000000.0,2022000000.0,2022000000.0,533000000.0,2555000000.0,-120000000.0,-10000000.0,3027000000.0,691000000.0,,590000000.0,3718000000.0,2772000000.0,6490000000.0,6401000000.0,-155000000.0,-155000000.0,-353000000.0,373000000.0,20000000.0,629000000.0,,,-153000000.0,,-353000000.0,373000000.0,20000000.0,154000000.0,-2000000.0,,,,MCD,2024-06-30 00:00:00,,45000000.0,,,,,101000000.0,101000000.0,,,4000000.0,,,,,,,,,-3000000.0,,,,
,-20907000.0,0.207,3857000000.0,2255000000.0,532000000.0,2577000000.0,3756000000.0,3224000000.0,2335093000.0,2255000000.0,3645000000.0,3188000000.0,720000000.0,716619686.0,3.13,3.146718,2255000000.0,2255000000.0,2255000000.0,2255000000.0,2255000000.0,588000000.0,2843000000.0,-22000000.0,27000000.0,3229000000.0,647000000.0,,536000000.0,3876000000.0,2998000000.0,6874000000.0,6750000000.0,-101000000.0,-101000000.0,-363000000.0,381000000.0,18000000.0,646000000.0,,,-91000000.0,,-363000000.0,381000000.0,18000000.0,98000000.0,-10000000.0,,,,MCD,2024-09-30 00:00:00,,52000000.0,,,,,111000000.0,111000000.0,,,9000000.0,,,,,,,,,-2000000.0,,,,
,-3079196.217494,0.20528,3486000000.0,2016000000.0,553000000.0,2292000000.0,3471000000.0,2918000000.0,2027920803.782506,2016000000.0,3509000000.0,2868000000.0,719700000.0,715200000.0,2.8,2.82019,2016000000.0,2016000000.0,2016000000.0,2017000000.0,2017000000.0,521000000.0,2538000000.0,20000000.0,21000000.0,2879000000.0,800000000.0,,664000000.0,3679000000.0,2709000000.0,6388000000.0,6269000000.0,-15000000.0,-15000000.0,-362000000.0,380000000.0,18000000.0,3015000000.0,,,-25000000.0,,-362000000.0,380000000.0,18000000.0,,10000000.0,,,,MCD,2024-12-31 00:00:00,,14000000.0,,,,,136000000.0,136000000.0,,,72000000.0,,,,,,,,,-163000000.0,,,,
,-10098000.0,0.198,3277000000.0,1868000000.0,520000000.0,2206000000.0,3226000000.0,2706000000.0,1908902000.0,1868000000.0,3301000000.0,2648000000.0,718200000.0,715032727.0,2.6,2.612468,1868000000.0,1868000000.0,1868000000.0,1869000000.0,1869000000.0,461000000.0,2330000000.0,34000000.0,23000000.0,2654000000.0,682000000.0,,575000000.0,3336000000.0,2619000000.0,5955000000.0,5793000000.0,-51000000.0,-51000000.0,-359000000.0,376000000.0,17000000.0,620000000.0,,,-69000000.0,,-359000000.0,376000000.0,17000000.0,66000000.0,18000000.0,,,,MCD,2025-03-31 00:00:00,,62000000.0,,,,,107000000.0,107000000.0,,,8000000.0,,,,,,,,,-11000000.0,,,,
,-19976232.086683,0.212513,3889000000.0,2253000000.0,544000000.0,2443000000.0,3795000000.0,3251000000.0,2327023767.913317,2253000000.0,3582000000.0,3232000000.0,717600000.0,713604434.0,3.14,3.157211,2253000000.0,2253000000.0,2253000000.0,2253000000.0,2253000000.0,608000000.0,2861000000.0,-32000000.0,8000000.0,3261000000.0,701000000.0,,595000000.0,3962000000.0,2881000000.0,6843000000.0,6671000000.0,-94000000.0,-94000000.0,-370000000.0,390000000.0,20000000.0,654000000.0,,,-84000000.0,,-370000000.0,390000000.0,20000000.0,43000000.0,-10000000.0,,,,MCD,2025-06-30 00:00:00,,54000000.0,,,,,106000000.0,106000000.0,,,7000000.0,,,,,,,,,-48000000.0,,,,
,-18250231.696015,0.108632,19039000000.0,13465000000.0,3637000000.0,7308000000.0,18871000000.0,15234000000.0,13614749768.303986,13465000000.0,24224000000.0,14847000000.0,2610000000.0,2534000000.0,5.16,5.31,13465000000.0,13465000000.0,13465000000.0,13465000000.0,13465000000.0,1641000000.0,15106000000.0,-168000000.0,,14847000000.0,16916000000.0,10537000000.0,6379000000.0,31763000000.0,7308000000.0,39071000000.0,38682000000.0,-168000000.0,-168000000.0,427000000.0,128000000.0,540000000.0,,,,,,427000000.0,128000000.0,540000000.0,,-168000000.0,2721000000.0,3658000000.0,3658000000.0,META,2024-06-30 00:00:00,,,,,-15000000.0,,,,,,,,,,,,,,,,,,,
,1320000.0,0.12,22046000000.0,15688000000.0,4027000000.0,7375000000.0,22057000000.0,18030000000.0,15678320000.0,15688000000.0,23239000000.0,17350000000.0,2600000000.0,2529000000.0,6.03,6.2,15688000000.0,15688000000.0,15688000000.0,15688000000.0,15688000000.0,2134000000.0,17822000000.0,11000000.0,,17350000000.0,15864000000.0,11177000000.0,4687000000.0,33214000000.0,7375000000.0,40589000000.0,40155000000.0,11000000.0,11000000.0,461000000.0,208000000.0,661000000.0,,,,,,461000000.0,208000000.0,661000000.0,,11000000.0,2822000000.0,1865000000.0,1865000000.0,META,2024-09-30 00:00:00,,,,,-8000000.0,,,,,,,,,,,,,,,,,,,
,-44365234.375,0.115234,28648000000.0,20838000000.0,4460000000.0,8839000000.0,28263000000.0,23803000000.0,21178634765.625,20838000000.0,25021000000.0,23364000000.0,2599000000.0,2529000000.0,8.02,8.24,20838000000.0,20838000000.0,20838000000.0,20838000000.0,20838000000.0,2714000000.0,23552000000.0,-385000000.0,,23364000000.0,16182000000.0,12180000000.0,4002000000.0,39546000000.0,8839000000.0,48385000000.0,47866000000.0,-385000000.0,-385000000.0,573000000.0,251000000.0,731000000.0,,,,,,573000000.0,251000000.0,731000000.0,,-385000000.0,3240000000.0,762000000.0,762000000.0,META,2024-12-31 00:00:00,,,,,-93000000.0,,,,,,,,,,,,,,,,,,,
,20880000.0,0.09,22290000000.0,16644000000.0,3900000000.0,7572000000.0,22522000000.0,18622000000.0,16432880000.0,16644000000.0,24759000000.0,17555000000.0,2590000000.0,2527000000.0,6.43,6.59,16644000000.0,16644000000.0,16644000000.0,16644000000.0,16644000000.0,1738000000.0,18382000000.0,232000000.0,,17555000000.0,17187000000.0,12150000000.0,5037000000.0,34742000000.0,7572000000.0,42314000000.0,41804000000.0,232000000.0,232000000.0,595000000.0,240000000.0,658000000.0,,,,,,595000000.0,240000000.0,658000000.0,,232000000.0,2757000000.0,2280000000.0,2280000000.0,META,2025-03-31 00:00:00,,,,,-177000000.0,,,,,,,,,,,,,,,,,,,
,21560000.0,0.106993,24921000000.0,18337000000.0,4342000000.0,8491000000.0,25117000000.0,20775000000.0,18162560000.0,18337000000.0,27075000000.0,20441000000.0,2570000000.0,2518000000.0,7.14,7.28,18337000000.0,18337000000.0,18337000000.0,18337000000.0,18337000000.0,2197000000.0,20534000000.0,196000000.0,,20441000000.0,18584000000.0,12942000000.0,5642000000.0,39025000000.0,8491000000.0,47516000000.0,46933000000.0,196000000.0,196000000.0,-103000000.0,241000000.0,481000000.0,,,,,,-103000000.0,241000000.0,481000000.0,,196000000.0,2979000000.0,2663000000.0,2663000000.0,META,2025-06-30 00:00:00,,,,,343000000.0,,,,,,,,,,,,,,,,,,,
,-18250231.696015,0.108632,19039000000.0,13465000000.0,3637000000.0,7308000000.0,18871000000.0,15234000000.0,13614749768.303986,13465000000.0,24224000000.0,14847000000.0,2610000000.0,2534000000.0,5.16,5.31,13465000000.0,13465000000.0,13465000000.0,13465000000.0,13465000000.0,1641000000.0,15106000000.0,-168000000.0,,14847000000.0,16916000000.0,10537000000.0,6379000000.0,31763000000.0,7308000000.0,39071000000.0,38682000000.0,-168000000.0,-168000000.0,427000000.0,128000000.0,540000000.0,,,,,,427000000.0,128000000.0,540000000.0,,-168000000.0,2721000000.0,3658000000.0,3658000000.0,META,2024-06-30 00:00:00,,,,,-15000000.0,,,,,,,,,,,,,,,,,,,
,1320000.0,0.12,22046000000.0,15688000000.0,4027000000.0,7375000000.0,22057000000.0,18030000000.0,15678320000.0,15688000000.0,23239000000.0,17350000000.0,2600000000.0,2529000000.0,6.03,6.2,15688000000.0,15688000000.0,15688000000.0,15688000000.0,15688000000.0,2134000000.0,17822000000.0,11000000.0,,17350000000.0,15864000000.0,11177000000.0,4687000000.0,33214000000.0,7375000000.0,40589000000.0,40155000000.0,11000000.0,11000000.0,461000000.0,208000000.0,661000000.0,,,,,,461000000.0,208000000.0,661000000.0,,11000000.0,2822000000.0,1865000000.0,1865000000.0,META,2024-09-30 00:00:00,,,,,-8000000.0,,,,,,,,,,,,,,,,,,,
,-44365234.375,0.115234,28648000000.0,20838000000.0,4460000000.0,8839000000.0,28263000000.0,23803000000.0,21178634765.625,20838000000.0,25021000000.0,23364000000.0,2599000000.0,2529000000.0,8.02,8.24,20838000000.0,20838000000.0,20838000000.0,20838000000.0,20838000000.0,2714000000.0,23552000000.0,-385000000.0,,23364000000.0,16182000000.0,12180000000.0,4002000000.0,39546000000.0,8839000000.0,48385000000.0,47866000000.0,-385000000.0,-385000000.0,573000000.0,251000000.0,731000000.0,,,,,,573000000.0,251000000.0,731000000.0,,-385000000.0,3240000000.0,762000000.0,762000000.0,META,2024-12-31 00:00:00,,,,,-93000000.0,,,,,,,,,,,,,,,,,,,
,20880000.0,0.09,22290000000.0,16644000000.0,3900000000.0,7572000000.0,22522000000.0,18622000000.0,16432880000.0,16644000000.0,24759000000.0,17555000000.0,2590000000.0,2527000000.0,6.43,6.59,16644000000.0,16644000000.0,16644000000.0,16644000000.0,16644000000.0,1738000000.0,18382000000.0,232000000.0,,17555000000.0,17187000000.0,12150000000.0,5037000000.0,34742000000.0,7572000000.0,42314000000.0,41804000000.0,232000000.0,232000000.0,595000000.0,240000000.0,658000000.0,,,,,,595000000.0,240000000.0,658000000.0,,232000000.0,2757000000.0,2280000000.0,2280000000.0,META,2025-03-31 00:00:00,,,,,-177000000.0,,,,,,,,,,,,,,,,,,,
,21560000.0,0.106993,24921000000.0,18337000000.0,4342000000.0,8491000000.0,25117000000.0,20775000000.0,18162560000.0,18337000000.0,27075000000.0,20441000000.0,2570000000.0,2518000000.0,7.14,7.28,18337000000.0,18337000000.0,18337000000.0,18337000000.0,18337000000.0,2197000000.0,20534000000.0,196000000.0,,20441000000.0,18584000000.0,12942000000.0,5642000000.0,39025000000.0,8491000000.0,47516000000.0,46933000000.0,196000000.0,196000000.0,-103000000.0,241000000.0,481000000.0,,,,,,-103000000.0,241000000.0,481000000.0,,196000000.0,2979000000.0,2663000000.0,2663000000.0,META,2025-06-30 00:00:00,,,,,343000000.0,,,,,,,,,,,,,,,,,,,
,,,,,,,,,,,,,,,,,,,,,,,,,,,,,,,,,,,,,,,,,,,,,,,,60000000.0,,,,MRK,2024-03-31 00:00:00,,,,,,,,,,,,,,,,,,,,,,,,
,-7622377.622378,0.090743,7532000000.0,5455000000.0,1132000000.0,3745000000.0,7448000000.0,6316000000.0,5531377622.377622,5455000000.0,9984000000.0,,2544000000.0,2535649470.0,2.14,2.151323,5455000000.0,5455000000.0,5455000000.0,5461000000.0,5461000000.0,545000000.0,6006000000.0,119000000.0,203000000.0,6128000000.0,6239000000.0,3500000000.0,2739000000.0,12367000000.0,3745000000.0,16112000000.0,16112000000.0,-84000000.0,-84000000.0,-241000000.0,310000000.0,69000000.0,,,-6000000.0,-80000000.0,80000000.0,-241000000.0,310000000.0,69000000.0,,-4000000.0,,,,MRK,2024-06-30 00:00:00,,,,,,,,,,,,,,,,,,,,,,,,
,-27240000.0,0.227,5726000000.0,3157000000.0,1186000000.0,4080000000.0,5606000000.0,4420000000.0,3249760000.0,3157000000.0,12673000000.0,,2541000000.0,2532030145.0,1.24,1.246826,3157000000.0,3157000000.0,3157000000.0,3161000000.0,3161000000.0,929000000.0,4090000000.0,309000000.0,429000000.0,3984000000.0,8593000000.0,5862000000.0,2731000000.0,12577000000.0,4080000000.0,16657000000.0,16657000000.0,-120000000.0,-120000000.0,-203000000.0,330000000.0,127000000.0,,,-4000000.0,-56000000.0,56000000.0,-203000000.0,330000000.0,127000000.0,,-64000000.0,,,,MRK,2024-09-30 00:00:00,,,,,,,,,,,,,,,,,,,,,,,,
,-26152517.985612,0.102158,5951000000.0,3743000000.0,1197000000.0,3828000000.0,5695000000.0,4498000000.0,3972847482.014388,3743000000.0,11276000000.0,,2537000000.0,2527637335.0,1.48,1.48083,3743000000.0,3743000000.0,3743000000.0,3744000000.0,3744000000.0,426000000.0,4170000000.0,4000000.0,260000000.0,4348000000.0,7448000000.0,4584000000.0,2864000000.0,11796000000.0,3828000000.0,15624000000.0,15624000000.0,-256000000.0,-256000000.0,-182000000.0,328000000.0,146000000.0,,,-1000000.0,-51000000.0,51000000.0,-182000000.0,328000000.0,146000000.0,,-205000000.0,,,,MRK,2024-12-31 00:00:00,,,,,,,,,,,,,,,,,,,,,,,,
,-9591000.0,0.139,7384000000.0,5079000000.0,1099000000.0,3419000000.0,7315000000.0,6216000000.0,5138409000.0,5079000000.0,9592000000.0,,2531000000.0,2516081628.0,2.01,2.018615,5079000000.0,5079000000.0,5079000000.0,5085000000.0,5085000000.0,818000000.0,5903000000.0,170000000.0,239000000.0,5937000000.0,6173000000.0,3621000000.0,2552000000.0,12110000000.0,3419000000.0,15529000000.0,15529000000.0,-69000000.0,-69000000.0,-204000000.0,313000000.0,109000000.0,,,-6000000.0,-69000000.0,69000000.0,-204000000.0,313000000.0,109000000.0,,,,,,MRK,2025-03-31 00:00:00,,,,,,,,,,,,,,,,,,,,,,,,
,-61451890.378076,0.114223,6961000000.0,4427000000.0,1119000000.0,3557000000.0,6423000000.0,5304000000.0,4903548109.621924,4427000000.0,10254000000.0,,2513000000.0,2503140328.0,1.76,1.768578,4427000000.0,4427000000.0,4427000000.0,4428000000.0,4428000000.0,571000000.0,4999000000.0,-317000000.0,221000000.0,5552000000.0,6697000000.0,4048000000.0,2649000000.0,12249000000.0,3557000000.0,15806000000.0,15806000000.0,-538000000.0,-538000000.0,-236000000.0,305000000.0,69000000.0,,,-1000000.0,-560000000.0,560000000.0,-236000000.0,305000000.0,69000000.0,,22000000.0,,,,MRK,2025-06-30 00:00:00,,,,,,,,,,,,,,,,,,,,,,,,
,,,,,,,,,,,,,,,,,,,,,,,,,,,,,,,,,,,,,,,,,,,,,,,,60000000.0,,,,MRK,2024-03-31 00:00:00,,,,,,,,,,,,,,,,,,,,,,,,
,-7622377.622378,0.090743,7532000000.0,5455000000.0,1132000000.0,3745000000.0,7448000000.0,6316000000.0,5531377622.377622,5455000000.0,9984000000.0,,2544000000.0,2535649470.0,2.14,2.151323,5455000000.0,5455000000.0,5455000000.0,5461000000.0,5461000000.0,545000000.0,6006000000.0,119000000.0,203000000.0,6128000000.0,6239000000.0,3500000000.0,2739000000.0,12367000000.0,3745000000.0,16112000000.0,16112000000.0,-84000000.0,-84000000.0,-241000000.0,310000000.0,69000000.0,,,-6000000.0,-80000000.0,80000000.0,-241000000.0,310000000.0,69000000.0,,-4000000.0,,,,MRK,2024-06-30 00:00:00,,,,,,,,,,,,,,,,,,,,,,,,
,-27240000.0,0.227,5726000000.0,3157000000.0,1186000000.0,4080000000.0,5606000000.0,4420000000.0,3249760000.0,3157000000.0,12673000000.0,,2541000000.0,2532030145.0,1.24,1.246826,3157000000.0,3157000000.0,3157000000.0,3161000000.0,3161000000.0,929000000.0,4090000000.0,309000000.0,429000000.0,3984000000.0,8593000000.0,5862000000.0,2731000000.0,12577000000.0,4080000000.0,16657000000.0,16657000000.0,-120000000.0,-120000000.0,-203000000.0,330000000.0,127000000.0,,,-4000000.0,-56000000.0,56000000.0,-203000000.0,330000000.0,127000000.0,,-64000000.0,,,,MRK,2024-09-30 00:00:00,,,,,,,,,,,,,,,,,,,,,,,,
,-26152517.985612,0.102158,5951000000.0,3743000000.0,1197000000.0,3828000000.0,5695000000.0,4498000000.0,3972847482.014388,3743000000.0,11276000000.0,,2537000000.0,2527637335.0,1.48,1.48083,3743000000.0,3743000000.0,3743000000.0,3744000000.0,3744000000.0,426000000.0,4170000000.0,4000000.0,260000000.0,4348000000.0,7448000000.0,4584000000.0,2864000000.0,11796000000.0,3828000000.0,15624000000.0,15624000000.0,-256000000.0,-256000000.0,-182000000.0,328000000.0,146000000.0,,,-1000000.0,-51000000.0,51000000.0,-182000000.0,328000000.0,146000000.0,,-205000000.0,,,,MRK,2024-12-31 00:00:00,,,,,,,,,,,,,,,,,,,,,,,,
,-9591000.0,0.139,7384000000.0,5079000000.0,1099000000.0,3419000000.0,7315000000.0,6216000000.0,5138409000.0,5079000000.0,9592000000.0,,2531000000.0,2516081628.0,2.01,2.018615,5079000000.0,5079000000.0,5079000000.0,5085000000.0,5085000000.0,818000000.0,5903000000.0,170000000.0,239000000.0,5937000000.0,6173000000.0,3621000000.0,2552000000.0,12110000000.0,3419000000.0,15529000000.0,15529000000.0,-69000000.0,-69000000.0,-204000000.0,313000000.0,109000000.0,,,-6000000.0,-69000000.0,69000000.0,-204000000.0,313000000.0,109000000.0,,,,,,MRK,2025-03-31 00:00:00,,,,,,,,,,,,,,,,,,,,,,,,
,-61451890.378076,0.114223,6961000000.0,4427000000.0,1119000000.0,3557000000.0,6423000000.0,5304000000.0,4903548109.621924,4427000000.0,10254000000.0,,2513000000.0,2503140328.0,1.76,1.768578,4427000000.0,4427000000.0,4427000000.0,4428000000.0,4428000000.0,571000000.0,4999000000.0,-317000000.0,221000000.0,5552000000.0,6697000000.0,4048000000.0,2649000000.0,12249000000.0,3557000000.0,15806000000.0,15806000000.0,-538000000.0,-538000000.0,-236000000.0,305000000.0,69000000.0,,,-1000000.0,-560000000.0,560000000.0,-236000000.0,305000000.0,69000000.0,,22000000.0,,,,MRK,2025-06-30 00:00:00,,,,,,,,,,,,,,,,,,,,,,,,
,,,,,,,,,,,,,,,,,,,,,,,,,,,,,,,,,,-42000000.0,-42000000.0,,,,,,,-42000000.0,,,,,,,,,,MS,2024-03-31 00:00:00,,,,,,,,,,,,42000000.0,,,,,,,,,,,,
,-11745213.549337,0.234904,,3076000000.0,1271000000.0,,,,3114254786.450663,3076000000.0,,,1611000000.0,1594000000.0,1.82,1.85,2942000000.0,2942000000.0,3076000000.0,3117000000.0,3117000000.0,957000000.0,4074000000.0,,,,,,6705000000.0,,,14024000000.0,14024000000.0,-50000000.0,-50000000.0,2067000000.0,11462000000.0,13529000000.0,,,-41000000.0,-50000000.0,,,,,,157000000.0,245000000.0,6460000000.0,,MS,2024-06-30 00:00:00,,,,,,,,,,,,50000000.0,,,6460000000.0,,,,134000000.0,,464000000.0,753000000.0,1902000000.0,
,-9440000.0,0.236,,3188000000.0,1270000000.0,,,,3218560000.0,3188000000.0,,,1609000000.0,1588000000.0,1.88,1.91,3028000000.0,3028000000.0,3188000000.0,3226000000.0,3226000000.0,995000000.0,4221000000.0,,,,,,6957000000.0,,,14339000000.0,14339000000.0,-40000000.0,-40000000.0,2196000000.0,11989000000.0,14185000000.0,,,-38000000.0,-40000000.0,,,,,,315000000.0,224000000.0,6733000000.0,,MS,2024-09-30 00:00:00,,,,,,,,,,,,40000000.0,,,6733000000.0,,,,160000000.0,,473000000.0,711000000.0,1858000000.0,
,0.0,0.240929,,3714000000.0,1645000000.0,,,,3714000000.0,3714000000.0,,,1608000000.0,1583000000.0,2.22,2.25,3564000000.0,3564000000.0,3714000000.0,3724000000.0,3724000000.0,1182000000.0,4906000000.0,,,,,,6568000000.0,,,15043000000.0,15043000000.0,,,2552000000.0,10939000000.0,13491000000.0,,,-10000000.0,,,,,,,215000000.0,279000000.0,6289000000.0,,MS,2024-12-31 00:00:00,,,,,,,,,,,,,,,6289000000.0,,,,150000000.0,,527000000.0,798000000.0,2129000000.0,
,-30528000.0,0.212,,4315000000.0,865000000.0,,,,4428472000.0,4315000000.0,,,1600000000.0,1584000000.0,2.6,2.62,4157000000.0,4157000000.0,4315000000.0,4371000000.0,4371000000.0,1173000000.0,5544000000.0,,,,,,7615000000.0,,,16517000000.0,16517000000.0,-144000000.0,-144000000.0,2353000000.0,11395000000.0,13748000000.0,,,-56000000.0,-144000000.0,144000000.0,,,,,369000000.0,238000000.0,7377000000.0,,MS,2025-03-31 00:00:00,,,,,,,,,,,,,,,7377000000.0,,,,158000000.0,,449000000.0,674000000.0,1956000000.0,
,0.0,0.226525,,3539000000.0,1307000000.0,,,,3539000000.0,3539000000.0,,,1593000000.0,1577000000.0,2.13,2.15,3392000000.0,3392000000.0,3539000000.0,3575000000.0,3575000000.0,1047000000.0,4622000000.0,,,,,,7487000000.0,,,15604000000.0,15604000000.0,,,2347000000.0,12558000000.0,14905000000.0,,,-36000000.0,,,,,,,388000000.0,297000000.0,7190000000.0,,MS,2025-06-30 00:00:00,,,,,,,,,,,,,,,7190000000.0,,,,147000000.0,,459000000.0,711000000.0,2129000000.0,
,,,,,,,,,,,,,,,,,,,,,,,,,,,,,,,,,,-42000000.0,-42000000.0,,,,,,,-42000000.0,,,,,,,,,,MS,2024-03-31 00:00:00,,,,,,,,,,,,42000000.0,,,,,,,,,,,,
,-11745213.549337,0.234904,,3076000000.0,1271000000.0,,,,3114254786.450663,3076000000.0,,,1611000000.0,1594000000.0,1.82,1.85,2942000000.0,2942000000.0,3076000000.0,3117000000.0,3117000000.0,957000000.0,4074000000.0,,,,,,6705000000.0,,,14024000000.0,14024000000.0,-50000000.0,-50000000.0,2067000000.0,11462000000.0,13529000000.0,,,-41000000.0,-50000000.0,,,,,,157000000.0,245000000.0,6460000000.0,,MS,2024-06-30 00:00:00,,,,,,,,,,,,50000000.0,,,6460000000.0,,,,134000000.0,,464000000.0,753000000.0,1902000000.0,
,-9440000.0,0.236,,3188000000.0,1270000000.0,,,,3218560000.0,3188000000.0,,,1609000000.0,1588000000.0,1.88,1.91,3028000000.0,3028000000.0,3188000000.0,3226000000.0,3226000000.0,995000000.0,4221000000.0,,,,,,6957000000.0,,,14339000000.0,14339000000.0,-40000000.0,-40000000.0,2196000000.0,11989000000.0,14185000000.0,,,-38000000.0,-40000000.0,,,,,,315000000.0,224000000.0,6733000000.0,,MS,2024-09-30 00:00:00,,,,,,,,,,,,40000000.0,,,6733000000.0,,,,160000000.0,,473000000.0,711000000.0,1858000000.0,
,0.0,0.240929,,3714000000.0,1645000000.0,,,,3714000000.0,3714000000.0,,,1608000000.0,1583000000.0,2.22,2.25,3564000000.0,3564000000.0,3714000000.0,3724000000.0,3724000000.0,1182000000.0,4906000000.0,,,,,,6568000000.0,,,15043000000.0,15043000000.0,,,2552000000.0,10939000000.0,13491000000.0,,,-10000000.0,,,,,,,215000000.0,279000000.0,6289000000.0,,MS,2024-12-31 00:00:00,,,,,,,,,,,,,,,6289000000.0,,,,150000000.0,,527000000.0,798000000.0,2129000000.0,
,-30528000.0,0.212,,4315000000.0,865000000.0,,,,4428472000.0,4315000000.0,,,1600000000.0,1584000000.0,2.6,2.62,4157000000.0,4157000000.0,4315000000.0,4371000000.0,4371000000.0,1173000000.0,5544000000.0,,,,,,7615000000.0,,,16517000000.0,16517000000.0,-144000000.0,-144000000.0,2353000000.0,11395000000.0,13748000000.0,,,-56000000.0,-144000000.0,144000000.0,,,,,369000000.0,238000000.0,7377000000.0,,MS,2025-03-31 00:00:00,,,,,,,,,,,,,,,7377000000.0,,,,158000000.0,,449000000.0,674000000.0,1956000000.0,
,0.0,0.226525,,3539000000.0,1307000000.0,,,,3539000000.0,3539000000.0,,,1593000000.0,1577000000.0,2.13,2.15,3392000000.0,3392000000.0,3539000000.0,3575000000.0,3575000000.0,1047000000.0,4622000000.0,,,,,,7487000000.0,,,15604000000.0,15604000000.0,,,2347000000.0,12558000000.0,14905000000.0,,,-36000000.0,,,,,,,388000000.0,297000000.0,7190000000.0,,MS,2025-06-30 00:00:00,,,,,,,,,,,,,,,7190000000.0,,,,147000000.0,,459000000.0,711000000.0,2129000000.0,
,-16263853.211009,0.191339,34416000000.0,22036000000.0,6380000000.0,19684000000.0,34331000000.0,27951000000.0,22104736146.78899,22036000000.0,36802000000.0,27925000000.0,7472000000.0,7433000000.0,2.95,2.96,22036000000.0,22036000000.0,22036000000.0,22036000000.0,22036000000.0,5214000000.0,27250000000.0,-612000000.0,-527000000.0,27925000000.0,17118000000.0,8056000000.0,9062000000.0,45043000000.0,19684000000.0,64727000000.0,64727000000.0,-85000000.0,-85000000.0,-63000000.0,701000000.0,638000000.0,,,,-22000000.0,,-63000000.0,701000000.0,638000000.0,22000000.0,-63000000.0,6816000000.0,2246000000.0,2246000000.0,MSFT,2024-06-30 00:00:00,,,,,,,,,,,,,,,,,,,,,,,,
,57190000.0,0.19,37933000000.0,24667000000.0,7383000000.0,20099000000.0,38234000000.0,30851000000.0,24423190000.0,24667000000.0,35033000000.0,30552000000.0,7470000000.0,7433000000.0,3.3,3.32,24667000000.0,24667000000.0,24667000000.0,24667000000.0,24667000000.0,5602000000.0,30269000000.0,-382000000.0,-683000000.0,30552000000.0,14934000000.0,7544000000.0,7390000000.0,45486000000.0,20099000000.0,65585000000.0,65585000000.0,301000000.0,301000000.0,99000000.0,582000000.0,681000000.0,,,,-7000000.0,,99000000.0,582000000.0,681000000.0,7000000.0,308000000.0,5717000000.0,1673000000.0,1673000000.0,MSFT,2024-09-30 00:00:00,,,,,,,,,,,,,,,,,,,,,,,,
,-203220000.0,0.18,37915000000.0,24108000000.0,6827000000.0,21799000000.0,36786000000.0,29959000000.0,25033780000.0,24108000000.0,37979000000.0,31653000000.0,7468000000.0,7435000000.0,3.23,3.24,24108000000.0,24108000000.0,24108000000.0,24108000000.0,24108000000.0,5257000000.0,29365000000.0,-2294000000.0,-1165000000.0,31653000000.0,16180000000.0,7917000000.0,8263000000.0,47833000000.0,21799000000.0,69632000000.0,69632000000.0,-1129000000.0,-1129000000.0,6000000.0,594000000.0,600000000.0,,,,-867000000.0,,6000000.0,594000000.0,600000000.0,867000000.0,-262000000.0,6440000000.0,1823000000.0,1823000000.0,MSFT,2024-12-31 00:00:00,,,,,,,,,,,,,,,,,,,,,,,,
,69660000.0,0.18,40324000000.0,25824000000.0,8740000000.0,21919000000.0,40711000000.0,31971000000.0,25506660000.0,25824000000.0,38066000000.0,32000000000.0,7461000000.0,7434000000.0,3.46,3.47,25824000000.0,25824000000.0,25824000000.0,25824000000.0,25824000000.0,5553000000.0,31377000000.0,-626000000.0,-1013000000.0,32000000000.0,16147000000.0,8198000000.0,7949000000.0,48147000000.0,21919000000.0,70066000000.0,70066000000.0,387000000.0,387000000.0,3000000.0,594000000.0,597000000.0,,,,-24000000.0,,3000000.0,594000000.0,597000000.0,24000000.0,411000000.0,6212000000.0,1737000000.0,1737000000.0,MSFT,2025-03-31 00:00:00,,,,,,,,,,,,,,,,,,,,,,,,
,495125.091979,0.165042,44431000000.0,27233000000.0,11203000000.0,24014000000.0,44434000000.0,33231000000.0,27230495125.09198,27233000000.0,42118000000.0,34323000000.0,7461000000.0,7432000000.0,3.65,3.66,27233000000.0,27233000000.0,27233000000.0,27233000000.0,27233000000.0,5383000000.0,32616000000.0,-1861000000.0,-1864000000.0,34323000000.0,18104000000.0,8829000000.0,9275000000.0,52427000000.0,24014000000.0,76441000000.0,76441000000.0,3000000.0,3000000.0,154000000.0,615000000.0,769000000.0,,,,-45000000.0,,154000000.0,615000000.0,769000000.0,45000000.0,48000000.0,7285000000.0,1990000000.0,1990000000.0,MSFT,2025-06-30 00:00:00,,,,,,,,,,,,,,,,,,,,,,,,
,-16263853.211009,0.191339,34416000000.0,22036000000.0,6380000000.0,19684000000.0,34331000000.0,27951000000.0,22104736146.78899,22036000000.0,36802000000.0,27925000000.0,7472000000.0,7433000000.0,2.95,2.96,22036000000.0,22036000000.0,22036000000.0,22036000000.0,22036000000.0,5214000000.0,27250000000.0,-612000000.0,-527000000.0,27925000000.0,17118000000.0,8056000000.0,9062000000.0,45043000000.0,19684000000.0,64727000000.0,64727000000.0,-85000000.0,-85000000.0,-63000000.0,701000000.0,638000000.0,,,,-22000000.0,,-63000000.0,701000000.0,638000000.0,22000000.0,-63000000.0,6816000000.0,2246000000.0,2246000000.0,MSFT,2024-06-30,,,,,,,,,,,,,,,,,,,,,,,,
,-16263853.211009,0.191339,34416000000.0,22036000000.0,6380000000.0,19684000000.0,34331000000.0,27951000000.0,22104736146.78899,22036000000.0,36802000000.0,27925000000.0,7472000000.0,7433000000.0,2.95,2.96,22036000000.0,22036000000.0,22036000000.0,22036000000.0,22036000000.0,5214000000.0,27250000000.0,-612000000.0,-527000000.0,27925000000.0,17118000000.0,8056000000.0,9062000000.0,45043000000.0,19684000000.0,64727000000.0,64727000000.0,-85000000.0,-85000000.0,-63000000.0,701000000.0,638000000.0,,,,-22000000.0,,-63000000.0,701000000.0,638000000.0,22000000.0,-63000000.0,6816000000.0,2246000000.0,2246000000.0,MSFT,2024-06-30 00:00:00,,,,,,,,,,,,,,,,,,,,,,,,
,57190000.0,0.19,37933000000.0,24667000000.0,7383000000.0,20099000000.0,38234000000.0,30851000000.0,24423190000.0,24667000000.0,35033000000.0,30552000000.0,7470000000.0,7433000000.0,3.3,3.32,24667000000.0,24667000000.0,24667000000.0,24667000000.0,24667000000.0,5602000000.0,30269000000.0,-382000000.0,-683000000.0,30552000000.0,14934000000.0,7544000000.0,7390000000.0,45486000000.0,20099000000.0,65585000000.0,65585000000.0,301000000.0,301000000.0,99000000.0,582000000.0,681000000.0,,,,-7000000.0,,99000000.0,582000000.0,681000000.0,7000000.0,308000000.0,5717000000.0,1673000000.0,1673000000.0,MSFT,2024-09-30,,,,,,,,,,,,,,,,,,,,,,,,
,57190000.0,0.19,37933000000.0,24667000000.0,7383000000.0,20099000000.0,38234000000.0,30851000000.0,24423190000.0,24667000000.0,35033000000.0,30552000000.0,7470000000.0,7433000000.0,3.3,3.32,24667000000.0,24667000000.0,24667000000.0,24667000000.0,24667000000.0,5602000000.0,30269000000.0,-382000000.0,-683000000.0,30552000000.0,14934000000.0,7544000000.0,7390000000.0,45486000000.0,20099000000.0,65585000000.0,65585000000.0,301000000.0,301000000.0,99000000.0,582000000.0,681000000.0,,,,-7000000.0,,99000000.0,582000000.0,681000000.0,7000000.0,308000000.0,5717000000.0,1673000000.0,1673000000.0,MSFT,2024-09-30 00:00:00,,,,,,,,,,,,,,,,,,,,,,,,
,-203220000.0,0.18,37915000000.0,24108000000.0,6827000000.0,21799000000.0,36786000000.0,29959000000.0,25033780000.0,24108000000.0,37979000000.0,31653000000.0,7468000000.0,7435000000.0,3.23,3.24,24108000000.0,24108000000.0,24108000000.0,24108000000.0,24108000000.0,5257000000.0,29365000000.0,-2294000000.0,-1165000000.0,31653000000.0,16180000000.0,7917000000.0,8263000000.0,47833000000.0,21799000000.0,69632000000.0,69632000000.0,-1129000000.0,-1129000000.0,6000000.0,594000000.0,600000000.0,,,,-867000000.0,,6000000.0,594000000.0,600000000.0,867000000.0,-262000000.0,6440000000.0,1823000000.0,1823000000.0,MSFT,2024-12-31,,,,,,,,,,,,,,,,,,,,,,,,
,-203220000.0,0.18,37915000000.0,24108000000.0,6827000000.0,21799000000.0,36786000000.0,29959000000.0,25033780000.0,24108000000.0,37979000000.0,31653000000.0,7468000000.0,7435000000.0,3.23,3.24,24108000000.0,24108000000.0,24108000000.0,24108000000.0,24108000000.0,5257000000.0,29365000000.0,-2294000000.0,-1165000000.0,31653000000.0,16180000000.0,7917000000.0,8263000000.0,47833000000.0,21799000000.0,69632000000.0,69632000000.0,-1129000000.0,-1129000000.0,6000000.0,594000000.0,600000000.0,,,,-867000000.0,,6000000.0,594000000.0,600000000.0,867000000.0,-262000000.0,6440000000.0,1823000000.0,1823000000.0,MSFT,2024-12-31 00:00:00,,,,,,,,,,,,,,,,,,,,,,,,
,69660000.0,0.18,40324000000.0,25824000000.0,8740000000.0,21919000000.0,40711000000.0,31971000000.0,25506660000.0,25824000000.0,38066000000.0,32000000000.0,7461000000.0,7434000000.0,3.46,3.47,25824000000.0,25824000000.0,25824000000.0,25824000000.0,25824000000.0,5553000000.0,31377000000.0,-626000000.0,-1013000000.0,32000000000.0,16147000000.0,8198000000.0,7949000000.0,48147000000.0,21919000000.0,70066000000.0,70066000000.0,387000000.0,387000000.0,3000000.0,594000000.0,597000000.0,,,,-24000000.0,,3000000.0,594000000.0,597000000.0,24000000.0,411000000.0,6212000000.0,1737000000.0,1737000000.0,MSFT,2025-03-31,,,,,,,,,,,,,,,,,,,,,,,,
,69660000.0,0.18,40324000000.0,25824000000.0,8740000000.0,21919000000.0,40711000000.0,31971000000.0,25506660000.0,25824000000.0,38066000000.0,32000000000.0,7461000000.0,7434000000.0,3.46,3.47,25824000000.0,25824000000.0,25824000000.0,25824000000.0,25824000000.0,5553000000.0,31377000000.0,-626000000.0,-1013000000.0,32000000000.0,16147000000.0,8198000000.0,7949000000.0,48147000000.0,21919000000.0,70066000000.0,70066000000.0,387000000.0,387000000.0,3000000.0,594000000.0,597000000.0,,,,-24000000.0,,3000000.0,594000000.0,597000000.0,24000000.0,411000000.0,6212000000.0,1737000000.0,1737000000.0,MSFT,2025-03-31 00:00:00,,,,,,,,,,,,,,,,,,,,,,,,
,495125.091979,0.165042,44431000000.0,27233000000.0,11203000000.0,24014000000.0,44434000000.0,33231000000.0,27230495125.09198,27233000000.0,42118000000.0,34323000000.0,7461000000.0,7432000000.0,3.65,3.66,27233000000.0,27233000000.0,27233000000.0,27233000000.0,27233000000.0,5383000000.0,32616000000.0,-1861000000.0,-1864000000.0,34323000000.0,18104000000.0,8829000000.0,9275000000.0,52427000000.0,24014000000.0,76441000000.0,76441000000.0,3000000.0,3000000.0,154000000.0,615000000.0,769000000.0,,,,-45000000.0,,154000000.0,615000000.0,769000000.0,45000000.0,48000000.0,7285000000.0,1990000000.0,1990000000.0,MSFT,2025-06-30,,,,,,,,,,,,,,,,,,,,,,,,
,495125.091979,0.165042,44431000000.0,27233000000.0,11203000000.0,24014000000.0,44434000000.0,33231000000.0,27230495125.09198,27233000000.0,42118000000.0,34323000000.0,7461000000.0,7432000000.0,3.65,3.66,27233000000.0,27233000000.0,27233000000.0,27233000000.0,27233000000.0,5383000000.0,32616000000.0,-1861000000.0,-1864000000.0,34323000000.0,18104000000.0,8829000000.0,9275000000.0,52427000000.0,24014000000.0,76441000000.0,76441000000.0,3000000.0,3000000.0,154000000.0,615000000.0,769000000.0,,,,-45000000.0,,154000000.0,615000000.0,769000000.0,45000000.0,48000000.0,7285000000.0,1990000000.0,1990000000.0,MSFT,2025-06-30 00:00:00,,,,,,,,,,,,,,,,,,,,,,,,
2024-06-30,-16263853.211009,0.191339,34416000000.0,22036000000.0,6380000000.0,19684000000.0,34331000000.0,27951000000.0,22104736146.78899,22036000000.0,36802000000.0,27925000000.0,7472000000.0,7433000000.0,2.95,2.96,22036000000.0,22036000000.0,22036000000.0,22036000000.0,22036000000.0,5214000000.0,27250000000.0,-612000000.0,-527000000.0,27925000000.0,17118000000.0,8056000000.0,9062000000.0,45043000000.0,19684000000.0,64727000000.0,64727000000.0,-85000000.0,-85000000.0,-63000000.0,701000000.0,638000000.0,,,,-22000000.0,,-63000000.0,701000000.0,638000000.0,22000000.0,-63000000.0,6816000000.0,2246000000.0,2246000000.0,MSFT,,,,,,,,,,,,,,,,,,,,,,,,,
,20370000.0,0.21,3426000000.0,1622000000.0,1471000000.0,2389000000.0,3523000000.0,2052000000.0,1545370000.0,1622000000.0,4428000000.0,1670000000.0,2058000000.0,2055353601.0,0.789159,0.789159,1622000000.0,1622000000.0,1622000000.0,1296000000.0,1296000000.0,-64000000.0,1232000000.0,411000000.0,155000000.0,1641000000.0,1977000000.0,,,3618000000.0,2451000000.0,6069000000.0,6069000000.0,97000000.0,97000000.0,-820000000.0,820000000.0,,,,326000000.0,70000000.0,,-820000000.0,820000000.0,,,27000000.0,,,,NEE,2024-06-30 00:00:00,,159000000.0,,,,,1409000000.0,1409000000.0,,,29000000.0,-41000000.0,,,,,,,,,,,,568000000.0
,1170000.0,0.003,4743000000.0,1852000000.0,1720000000.0,2620000000.0,5133000000.0,3413000000.0,1463170000.0,1852000000.0,4942000000.0,2856000000.0,2061000000.0,2057777778.0,0.898593,0.9,1852000000.0,1852000000.0,1852000000.0,1591000000.0,1591000000.0,5000000.0,1596000000.0,788000000.0,161000000.0,2625000000.0,2244000000.0,,,4869000000.0,2698000000.0,7567000000.0,7567000000.0,390000000.0,390000000.0,-1817000000.0,1817000000.0,,,,261000000.0,281000000.0,,-1817000000.0,1817000000.0,,,109000000.0,,,,NEE,2024-09-30 00:00:00,,237000000.0,,,,,1642000000.0,1642000000.0,,,231000000.0,-50000000.0,,,,,,,,,,,,602000000.0
,12284482.758621,0.163793,1826000000.0,1203000000.0,1582000000.0,2339000000.0,1901000000.0,319000000.0,1140284482.758621,1203000000.0,4478000000.0,941000000.0,2062000000.0,2057000000.0,0.58,0.584832,1203000000.0,1203000000.0,1203000000.0,873000000.0,873000000.0,171000000.0,1044000000.0,-588000000.0,182000000.0,907000000.0,2070000000.0,,,2977000000.0,2408000000.0,5385000000.0,5385000000.0,75000000.0,75000000.0,725000000.0,-725000000.0,,,,330000000.0,85000000.0,,725000000.0,-725000000.0,,,-10000000.0,,,,NEE,2024-12-31 00:00:00,,-845000000.0,,,,,1513000000.0,1513000000.0,,,34000000.0,-51000000.0,,,,,,,,,,,,557000000.0
,840000.0,0.21,2889000000.0,833000000.0,1176000000.0,2257000000.0,2893000000.0,1717000000.0,829840000.0,833000000.0,4027000000.0,2256000000.0,2061000000.0,2058631107.0,0.4,0.404638,833000000.0,833000000.0,833000000.0,464000000.0,464000000.0,-521000000.0,-57000000.0,-503000000.0,139000000.0,2220000000.0,1689000000.0,,,3909000000.0,2338000000.0,6247000000.0,6247000000.0,4000000.0,4000000.0,-1774000000.0,1774000000.0,,,,369000000.0,74000000.0,,-1774000000.0,1774000000.0,,,-70000000.0,,,,NEE,2025-03-31 00:00:00,,-646000000.0,,,,,1095000000.0,1095000000.0,,,36000000.0,-38000000.0,,,,,,,,,,,,594000000.0
,49350000.0,0.21,4065000000.0,2028000000.0,1857000000.0,2320000000.0,4300000000.0,2443000000.0,1842350000.0,2028000000.0,4807000000.0,1911000000.0,2061300000.0,2056700000.0,0.98,0.99,2028000000.0,2028000000.0,2028000000.0,1639000000.0,1639000000.0,-256000000.0,1383000000.0,550000000.0,138000000.0,1893000000.0,2403000000.0,,,4296000000.0,2404000000.0,6700000000.0,6700000000.0,235000000.0,235000000.0,-1060000000.0,1060000000.0,,,,389000000.0,62000000.0,,-1060000000.0,1060000000.0,,,173000000.0,,,,NEE,2025-06-30 00:00:00,,177000000.0,,,,,1773000000.0,1773000000.0,,,18000000.0,-44000000.0,,,,,,,,,,,,630000000.0
,20370000.0,0.21,3426000000.0,1622000000.0,1471000000.0,2389000000.0,3523000000.0,2052000000.0,1545370000.0,1622000000.0,4428000000.0,1670000000.0,2058000000.0,2055353601.0,0.789159,0.789159,1622000000.0,1622000000.0,1622000000.0,1296000000.0,1296000000.0,-64000000.0,1232000000.0,411000000.0,155000000.0,1641000000.0,1977000000.0,,,3618000000.0,2451000000.0,6069000000.0,6069000000.0,97000000.0,97000000.0,-820000000.0,820000000.0,,,,326000000.0,70000000.0,,-820000000.0,820000000.0,,,27000000.0,,,,NEE,2024-06-30 00:00:00,,159000000.0,,,,,1409000000.0,1409000000.0,,,29000000.0,-41000000.0,,,,,,,,,,,,568000000.0
,1170000.0,0.003,4743000000.0,1852000000.0,1720000000.0,2620000000.0,5133000000.0,3413000000.0,1463170000.0,1852000000.0,4942000000.0,2856000000.0,2061000000.0,2057777778.0,0.898593,0.9,1852000000.0,1852000000.0,1852000000.0,1591000000.0,1591000000.0,5000000.0,1596000000.0,788000000.0,161000000.0,2625000000.0,2244000000.0,,,4869000000.0,2698000000.0,7567000000.0,7567000000.0,390000000.0,390000000.0,-1817000000.0,1817000000.0,,,,261000000.0,281000000.0,,-1817000000.0,1817000000.0,,,109000000.0,,,,NEE,2024-09-30 00:00:00,,237000000.0,,,,,1642000000.0,1642000000.0,,,231000000.0,-50000000.0,,,,,,,,,,,,602000000.0
,12284482.758621,0.163793,1826000000.0,1203000000.0,1582000000.0,2339000000.0,1901000000.0,319000000.0,1140284482.758621,1203000000.0,4478000000.0,941000000.0,2062000000.0,2057000000.0,0.58,0.584832,1203000000.0,1203000000.0,1203000000.0,873000000.0,873000000.0,171000000.0,1044000000.0,-588000000.0,182000000.0,907000000.0,2070000000.0,,,2977000000.0,2408000000.0,5385000000.0,5385000000.0,75000000.0,75000000.0,725000000.0,-725000000.0,,,,330000000.0,85000000.0,,725000000.0,-725000000.0,,,-10000000.0,,,,NEE,2024-12-31 00:00:00,,-845000000.0,,,,,1513000000.0,1513000000.0,,,34000000.0,-51000000.0,,,,,,,,,,,,557000000.0
,840000.0,0.21,2889000000.0,833000000.0,1176000000.0,2257000000.0,2893000000.0,1717000000.0,829840000.0,833000000.0,4027000000.0,2256000000.0,2061000000.0,2058631107.0,0.4,0.404638,833000000.0,833000000.0,833000000.0,464000000.0,464000000.0,-521000000.0,-57000000.0,-503000000.0,139000000.0,2220000000.0,1689000000.0,,,3909000000.0,2338000000.0,6247000000.0,6247000000.0,4000000.0,4000000.0,-1774000000.0,1774000000.0,,,,369000000.0,74000000.0,,-1774000000.0,1774000000.0,,,-70000000.0,,,,NEE,2025-03-31 00:00:00,,-646000000.0,,,,,1095000000.0,1095000000.0,,,36000000.0,-38000000.0,,,,,,,,,,,,594000000.0
,49350000.0,0.21,4065000000.0,2028000000.0,1857000000.0,2320000000.0,4300000000.0,2443000000.0,1842350000.0,2028000000.0,4807000000.0,1911000000.0,2061300000.0,2056700000.0,0.98,0.99,2028000000.0,2028000000.0,2028000000.0,1639000000.0,1639000000.0,-256000000.0,1383000000.0,550000000.0,138000000.0,1893000000.0,2403000000.0,,,4296000000.0,2404000000.0,6700000000.0,6700000000.0,235000000.0,235000000.0,-1060000000.0,1060000000.0,,,,389000000.0,62000000.0,,-1060000000.0,1060000000.0,,,173000000.0,,,,NEE,2025-06-30 00:00:00,,177000000.0,,,,,1773000000.0,1773000000.0,,,18000000.0,-44000000.0,,,,,,,,,,,,630000000.0
,0.0,0.195868,1393000000.0,1051000000.0,184000000.0,6332000000.0,1393000000.0,1209000000.0,1051000000.0,1051000000.0,10380000000.0,,1502000000.0,1497700000.0,0.7,0.7,1051000000.0,1051000000.0,1051000000.0,1051000000.0,1051000000.0,256000000.0,1307000000.0,55000000.0,55000000.0,1209000000.0,4048000000.0,,4048000000.0,5257000000.0,6332000000.0,11589000000.0,11589000000.0,,,43000000.0,,,,,,,,43000000.0,,,,,1226000000.0,2822000000.0,2822000000.0,NKE,2024-08-31 00:00:00,,,,,-43000000.0,,,,,,,,,,,,,,,,,,,
,0.0,0.179,1569000000.0,1163000000.0,185000000.0,6965000000.0,1569000000.0,1384000000.0,1163000000.0,1163000000.0,10970000000.0,,1490000000.0,1486800000.0,0.78,0.78,1163000000.0,1163000000.0,1163000000.0,1163000000.0,1163000000.0,253000000.0,1416000000.0,8000000.0,8000000.0,1384000000.0,4005000000.0,,4005000000.0,5389000000.0,6965000000.0,12354000000.0,12354000000.0,,,24000000.0,,,,,,,,24000000.0,,,,,1122000000.0,2883000000.0,2883000000.0,NKE,2024-11-30 00:00:00,,,,,-24000000.0,,,,,,,,,,,,,,,,,,,
,0.0,0.059,1030000000.0,794000000.0,242000000.0,6594000000.0,1030000000.0,788000000.0,794000000.0,794000000.0,10481000000.0,,1480600000.0,1478100000.0,0.54,0.54,794000000.0,794000000.0,794000000.0,794000000.0,794000000.0,50000000.0,844000000.0,38000000.0,38000000.0,788000000.0,3887000000.0,,3887000000.0,4675000000.0,6594000000.0,11269000000.0,11269000000.0,,,18000000.0,,,,,,,,18000000.0,,,,,1088000000.0,2799000000.0,2799000000.0,NKE,2025-02-28 00:00:00,,,,,-18000000.0,,,,,,,,,,,,,,,,,,,
,0.0,0.336478,518000000.0,211000000.0,197000000.0,6628000000.0,518000000.0,321000000.0,211000000.0,211000000.0,10776000000.0,,1477700000.0,1476700000.0,0.14,0.14,211000000.0,211000000.0,211000000.0,211000000.0,211000000.0,107000000.0,318000000.0,-25000000.0,-25000000.0,321000000.0,4148000000.0,,4148000000.0,4469000000.0,6628000000.0,11097000000.0,11097000000.0,,,22000000.0,,,,,,,,22000000.0,,,,,1253000000.0,2895000000.0,2895000000.0,NKE,2025-05-31 00:00:00,,,,,-22000000.0,,,,,,,,,,,,,,,,,,,
,0.0,0.211497,1125000000.0,727000000.0,198000000.0,6777000000.0,1125000000.0,927000000.0,727000000.0,727000000.0,10793000000.0,,1479000000.0,1476600000.0,0.49,0.49,727000000.0,727000000.0,727000000.0,727000000.0,727000000.0,195000000.0,922000000.0,-23000000.0,-23000000.0,927000000.0,4016000000.0,,4016000000.0,4943000000.0,6777000000.0,11720000000.0,11720000000.0,,,18000000.0,,,,,,,,18000000.0,,,,,1188000000.0,2828000000.0,2828000000.0,NKE,2025-08-31 00:00:00,,,,,-18000000.0,,,,,,,,,,,,,,,,,,,
,0.0,0.195868,1393000000.0,1051000000.0,184000000.0,6332000000.0,1393000000.0,1209000000.0,1051000000.0,1051000000.0,10380000000.0,,1502000000.0,1497700000.0,0.7,0.7,1051000000.0,1051000000.0,1051000000.0,1051000000.0,1051000000.0,256000000.0,1307000000.0,55000000.0,55000000.0,1209000000.0,4048000000.0,,4048000000.0,5257000000.0,6332000000.0,11589000000.0,11589000000.0,,,43000000.0,,,,,,,,43000000.0,,,,,1226000000.0,2822000000.0,2822000000.0,NKE,2024-08-31 00:00:00,,,,,-43000000.0,,,,,,,,,,,,,,,,,,,
,0.0,0.179,1569000000.0,1163000000.0,185000000.0,6965000000.0,1569000000.0,1384000000.0,1163000000.0,1163000000.0,10970000000.0,,1490000000.0,1486800000.0,0.78,0.78,1163000000.0,1163000000.0,1163000000.0,1163000000.0,1163000000.0,253000000.0,1416000000.0,8000000.0,8000000.0,1384000000.0,4005000000.0,,4005000000.0,5389000000.0,6965000000.0,12354000000.0,12354000000.0,,,24000000.0,,,,,,,,24000000.0,,,,,1122000000.0,2883000000.0,2883000000.0,NKE,2024-11-30 00:00:00,,,,,-24000000.0,,,,,,,,,,,,,,,,,,,
,0.0,0.059,1030000000.0,794000000.0,242000000.0,6594000000.0,1030000000.0,788000000.0,794000000.0,794000000.0,10481000000.0,,1480600000.0,1478100000.0,0.54,0.54,794000000.0,794000000.0,794000000.0,794000000.0,794000000.0,50000000.0,844000000.0,38000000.0,38000000.0,788000000.0,3887000000.0,,3887000000.0,4675000000.0,6594000000.0,11269000000.0,11269000000.0,,,18000000.0,,,,,,,,18000000.0,,,,,1088000000.0,2799000000.0,2799000000.0,NKE,2025-02-28 00:00:00,,,,,-18000000.0,,,,,,,,,,,,,,,,,,,
,0.0,0.336478,518000000.0,211000000.0,197000000.0,6628000000.0,518000000.0,321000000.0,211000000.0,211000000.0,10776000000.0,,1477700000.0,1476700000.0,0.14,0.14,211000000.0,211000000.0,211000000.0,211000000.0,211000000.0,107000000.0,318000000.0,-25000000.0,-25000000.0,321000000.0,4148000000.0,,4148000000.0,4469000000.0,6628000000.0,11097000000.0,11097000000.0,,,22000000.0,,,,,,,,22000000.0,,,,,1253000000.0,2895000000.0,2895000000.0,NKE,2025-05-31 00:00:00,,,,,-22000000.0,,,,,,,,,,,,,,,,,,,
,0.0,0.211497,1125000000.0,727000000.0,198000000.0,6777000000.0,1125000000.0,927000000.0,727000000.0,727000000.0,10793000000.0,,1479000000.0,1476600000.0,0.49,0.49,727000000.0,727000000.0,727000000.0,727000000.0,727000000.0,195000000.0,922000000.0,-23000000.0,-23000000.0,927000000.0,4016000000.0,,4016000000.0,4943000000.0,6777000000.0,11720000000.0,11720000000.0,,,18000000.0,,,,,,,,18000000.0,,,,,1188000000.0,2828000000.0,2828000000.0,NKE,2025-08-31 00:00:00,,,,,-18000000.0,,,,,,,,,,,,,,,,,,,
,,,,,,,,,,,,,,,,,,,,,,,,,,,,,,,,,,,,,,,,3000000.0,,,,,,,,,,,,NUE,2024-03-31 00:00:00,8000.0,,,,,,,,,,,,,,,,,,,,,,,
,-2898000.0,0.207,1311000000.0,645000000.0,332000000.0,6883000000.0,1297000000.0,965000000.0,656102000.0,645000000.0,7177000000.0,,239935000.0,239580000.0,2.68,2.68,642000000.0,642000000.0,645000000.0,712000000.0,712000000.0,186000000.0,898000000.0,-4000000.0,,900000000.0,294000000.0,,294000000.0,1194000000.0,6883000000.0,8077000000.0,8077000000.0,-14000000.0,-14000000.0,2000000.0,67000000.0,69000000.0,,3000000.0,-67000000.0,-14000000.0,,2000000.0,67000000.0,69000000.0,14000000.0,,,,,NUE,2024-06-30 00:00:00,5000.0,10000000.0,,,,,,,,,,,,,,,,,,,,,,
,-27060000.0,0.22,926586000.0,249910000.0,349937000.0,6686226000.0,803586000.0,453649000.0,345850000.0,249910000.0,6930883000.0,,236768000.0,236462000.0,1.05,1.05,248793000.0,248793000.0,249910000.0,302825000.0,302825000.0,85448000.0,388273000.0,-117722000.0,,513277000.0,244657000.0,,244657000.0,757934000.0,6686226000.0,7444160000.0,7444160000.0,-123000000.0,-123000000.0,-7282000.0,65376000.0,58094000.0,,1117000.0,-52915000.0,-123000000.0,,-7282000.0,65376000.0,58094000.0,123000000.0,,,,,NUE,2024-09-30 00:00:00,0.0,5278000.0,,,,,,,,,,,,,,,,,,,,,,
,17356.614039,0.115711,800421000.0,287032000.0,358063000.0,6448754000.0,800571000.0,442508000.0,286899356.614039,287032000.0,6688622000.0,,234300000.0,234000000.0,1.22,1.22,294578000.0,294588000.0,287032000.0,345070000.0,345070000.0,45153000.0,390223000.0,6071000.0,,386963000.0,239868000.0,,239868000.0,626831000.0,6448754000.0,7075585000.0,7075585000.0,150000.0,150000.0,-2811000.0,52285000.0,49474000.0,,,-58038000.0,150000.0,,-2811000.0,52285000.0,49474000.0,-150000.0,,,,,NUE,2024-12-31 00:00:00,,5921000.0,,,,,,,,,,,,,,,,,,,,,,
,-6003000.0,0.207,733000000.0,156000000.0,368000000.0,7225000000.0,704000000.0,336000000.0,178997000.0,156000000.0,7506000000.0,,232900000.0,232700000.0,0.67,0.67,156000000.0,156000000.0,156000000.0,226000000.0,226000000.0,59000000.0,285000000.0,-25000000.0,,324000000.0,281000000.0,,281000000.0,605000000.0,7225000000.0,7830000000.0,7830000000.0,-29000000.0,-29000000.0,-14000000.0,51000000.0,37000000.0,,0.0,-70000000.0,-29000000.0,,-14000000.0,51000000.0,37000000.0,29000000.0,,,,,NUE,2025-03-31 00:00:00,,4000000.0,,,,,,,,,,,,,,,,,,,,,,
,-2365000.0,0.215,1325000000.0,603000000.0,366000000.0,7233000000.0,1314000000.0,948000000.0,611635000.0,603000000.0,7537000000.0,,230800000.0,230600000.0,2.6,2.6,600000000.0,600000000.0,603000000.0,706000000.0,706000000.0,193000000.0,899000000.0,-1000000.0,,919000000.0,304000000.0,,304000000.0,1223000000.0,7233000000.0,8456000000.0,8456000000.0,-11000000.0,-11000000.0,-19000000.0,49000000.0,30000000.0,,3000000.0,-103000000.0,-11000000.0,,-19000000.0,49000000.0,30000000.0,11000000.0,,,,,NUE,2025-06-30 00:00:00,,10000000.0,,,,,,,,,,,,,,,,,,,,,,
,,,,,,,,,,,,,,,,,,,,,,,,,,,,,,,,,,,,,,,,3000000.0,,,,,,,,,,,,NUE,2024-03-31 00:00:00,8000.0,,,,,,,,,,,,,,,,,,,,,,,
,-2898000.0,0.207,1311000000.0,645000000.0,332000000.0,6883000000.0,1297000000.0,965000000.0,656102000.0,645000000.0,7177000000.0,,239935000.0,239580000.0,2.68,2.68,642000000.0,642000000.0,645000000.0,712000000.0,712000000.0,186000000.0,898000000.0,-4000000.0,,900000000.0,294000000.0,,294000000.0,1194000000.0,6883000000.0,8077000000.0,8077000000.0,-14000000.0,-14000000.0,2000000.0,67000000.0,69000000.0,,3000000.0,-67000000.0,-14000000.0,,2000000.0,67000000.0,69000000.0,14000000.0,,,,,NUE,2024-06-30 00:00:00,5000.0,10000000.0,,,,,,,,,,,,,,,,,,,,,,
,-27060000.0,0.22,926586000.0,249910000.0,349937000.0,6686226000.0,803586000.0,453649000.0,345850000.0,249910000.0,6930883000.0,,236768000.0,236462000.0,1.05,1.05,248793000.0,248793000.0,249910000.0,302825000.0,302825000.0,85448000.0,388273000.0,-117722000.0,,513277000.0,244657000.0,,244657000.0,757934000.0,6686226000.0,7444160000.0,7444160000.0,-123000000.0,-123000000.0,-7282000.0,65376000.0,58094000.0,,1117000.0,-52915000.0,-123000000.0,,-7282000.0,65376000.0,58094000.0,123000000.0,,,,,NUE,2024-09-30 00:00:00,0.0,5278000.0,,,,,,,,,,,,,,,,,,,,,,
,17356.614039,0.115711,800421000.0,287032000.0,358063000.0,6448754000.0,800571000.0,442508000.0,286899356.614039,287032000.0,6688622000.0,,234300000.0,234000000.0,1.22,1.22,294578000.0,294588000.0,287032000.0,345070000.0,345070000.0,45153000.0,390223000.0,6071000.0,,386963000.0,239868000.0,,239868000.0,626831000.0,6448754000.0,7075585000.0,7075585000.0,150000.0,150000.0,-2811000.0,52285000.0,49474000.0,,,-58038000.0,150000.0,,-2811000.0,52285000.0,49474000.0,-150000.0,,,,,NUE,2024-12-31 00:00:00,,5921000.0,,,,,,,,,,,,,,,,,,,,,,
,-6003000.0,0.207,733000000.0,156000000.0,368000000.0,7225000000.0,704000000.0,336000000.0,178997000.0,156000000.0,7506000000.0,,232900000.0,232700000.0,0.67,0.67,156000000.0,156000000.0,156000000.0,226000000.0,226000000.0,59000000.0,285000000.0,-25000000.0,,324000000.0,281000000.0,,281000000.0,605000000.0,7225000000.0,7830000000.0,7830000000.0,-29000000.0,-29000000.0,-14000000.0,51000000.0,37000000.0,,0.0,-70000000.0,-29000000.0,,-14000000.0,51000000.0,37000000.0,29000000.0,,,,,NUE,2025-03-31 00:00:00,,4000000.0,,,,,,,,,,,,,,,,,,,,,,
,-2365000.0,0.215,1325000000.0,603000000.0,366000000.0,7233000000.0,1314000000.0,948000000.0,611635000.0,603000000.0,7537000000.0,,230800000.0,230600000.0,2.6,2.6,600000000.0,600000000.0,603000000.0,706000000.0,706000000.0,193000000.0,899000000.0,-1000000.0,,919000000.0,304000000.0,,304000000.0,1223000000.0,7233000000.0,8456000000.0,8456000000.0,-11000000.0,-11000000.0,-19000000.0,49000000.0,30000000.0,,3000000.0,-103000000.0,-11000000.0,,-19000000.0,49000000.0,30000000.0,11000000.0,,,,,NUE,2025-06-30 00:00:00,,10000000.0,,,,,,,,,,,,,,,,,,,,,,
,0.0,0.136099,19708000000.0,16599000000.0,433000000.0,7466000000.0,19708000000.0,19275000000.0,16599000000.0,16599000000.0,11398000000.0,18642000000.0,24848000000.0,24578000000.0,0.67,0.68,16599000000.0,16599000000.0,16599000000.0,16599000000.0,16599000000.0,2615000000.0,19214000000.0,189000000.0,189000000.0,18642000000.0,3932000000.0,3090000000.0,842000000.0,22574000000.0,7466000000.0,30040000000.0,30040000000.0,,,383000000.0,61000000.0,444000000.0,,,,,,383000000.0,61000000.0,444000000.0,,,,,,NVDA,2024-07-31 00:00:00,,,,,,,,,,,,,,,,,,,,,,,,
,0.0,0.135,22855000000.0,19309000000.0,478000000.0,8926000000.0,22855000000.0,22377000000.0,19309000000.0,19309000000.0,13213000000.0,21869000000.0,24774000000.0,24533000000.0,0.78,0.79,19309000000.0,19309000000.0,19309000000.0,19309000000.0,19309000000.0,3007000000.0,22316000000.0,36000000.0,36000000.0,21869000000.0,4287000000.0,3390000000.0,897000000.0,26156000000.0,8926000000.0,35082000000.0,35082000000.0,,,411000000.0,61000000.0,472000000.0,,,,,,411000000.0,61000000.0,472000000.0,,,,,,NVDA,2024-10-31 00:00:00,,,,,,,,,,,,,,,,,,,,,,,,
,0.0,0.123964,25821000000.0,22091000000.0,543000000.0,10608000000.0,25821000000.0,25278000000.0,22091000000.0,22091000000.0,15297000000.0,24034000000.0,24706000000.0,24489000000.0,0.89,0.9,22091000000.0,22091000000.0,22091000000.0,22091000000.0,22091000000.0,3126000000.0,25217000000.0,733000000.0,733000000.0,24034000000.0,4689000000.0,3714000000.0,975000000.0,28723000000.0,10608000000.0,39331000000.0,39331000000.0,,,450000000.0,61000000.0,511000000.0,,,,,,450000000.0,61000000.0,511000000.0,,,,,,NVDA,2025-01-31 00:00:00,,,,,,,,,,,,,,,,,,,,,,,,
,0.0,0.143,22584000000.0,18775000000.0,611000000.0,17394000000.0,22584000000.0,21973000000.0,18775000000.0,18775000000.0,22424000000.0,21638000000.0,24611000000.0,24441000000.0,0.76,0.77,18775000000.0,18775000000.0,18775000000.0,18775000000.0,18775000000.0,3135000000.0,21910000000.0,-180000000.0,-180000000.0,21638000000.0,5030000000.0,3989000000.0,1041000000.0,26668000000.0,17394000000.0,44062000000.0,44062000000.0,,,452000000.0,63000000.0,515000000.0,,,,,,452000000.0,63000000.0,515000000.0,,,,,,NVDA,2025-04-30 00:00:00,,,,,,,,,,,,,,,,,,,,,,,,
,0.0,0.153304,31937000000.0,26422000000.0,669000000.0,12890000000.0,31937000000.0,31268000000.0,26422000000.0,26422000000.0,18303000000.0,28440000000.0,24532000000.0,24366000000.0,1.08,1.08,26422000000.0,26422000000.0,26422000000.0,26422000000.0,26422000000.0,4784000000.0,31206000000.0,2236000000.0,2236000000.0,28440000000.0,5413000000.0,4291000000.0,1122000000.0,33853000000.0,12890000000.0,46743000000.0,46743000000.0,,,530000000.0,62000000.0,592000000.0,,,,,,530000000.0,62000000.0,592000000.0,,,,,,NVDA,2025-07-31 00:00:00,,,,,,,,,,,,,,,,,,,,,,,,
,0.0,0.136099,19708000000.0,16599000000.0,433000000.0,7466000000.0,19708000000.0,19275000000.0,16599000000.0,16599000000.0,11398000000.0,18642000000.0,24848000000.0,24578000000.0,0.67,0.68,16599000000.0,16599000000.0,16599000000.0,16599000000.0,16599000000.0,2615000000.0,19214000000.0,189000000.0,189000000.0,18642000000.0,3932000000.0,3090000000.0,842000000.0,22574000000.0,7466000000.0,30040000000.0,30040000000.0,,,383000000.0,61000000.0,444000000.0,,,,,,383000000.0,61000000.0,444000000.0,,,,,,NVDA,2024-07-31,,,,,,,,,,,,,,,,,,,,,,,,
,0.0,0.136099,19708000000.0,16599000000.0,433000000.0,7466000000.0,19708000000.0,19275000000.0,16599000000.0,16599000000.0,11398000000.0,18642000000.0,24848000000.0,24578000000.0,0.67,0.68,16599000000.0,16599000000.0,16599000000.0,16599000000.0,16599000000.0,2615000000.0,19214000000.0,189000000.0,189000000.0,18642000000.0,3932000000.0,3090000000.0,842000000.0,22574000000.0,7466000000.0,30040000000.0,30040000000.0,,,383000000.0,61000000.0,444000000.0,,,,,,383000000.0,61000000.0,444000000.0,,,,,,NVDA,2024-07-31 00:00:00,,,,,,,,,,,,,,,,,,,,,,,,
,0.0,0.135,22855000000.0,19309000000.0,478000000.0,8926000000.0,22855000000.0,22377000000.0,19309000000.0,19309000000.0,13213000000.0,21869000000.0,24774000000.0,24533000000.0,0.78,0.79,19309000000.0,19309000000.0,19309000000.0,19309000000.0,19309000000.0,3007000000.0,22316000000.0,36000000.0,36000000.0,21869000000.0,4287000000.0,3390000000.0,897000000.0,26156000000.0,8926000000.0,35082000000.0,35082000000.0,,,411000000.0,61000000.0,472000000.0,,,,,,411000000.0,61000000.0,472000000.0,,,,,,NVDA,2024-10-31,,,,,,,,,,,,,,,,,,,,,,,,
,0.0,0.135,22855000000.0,19309000000.0,478000000.0,8926000000.0,22855000000.0,22377000000.0,19309000000.0,19309000000.0,13213000000.0,21869000000.0,24774000000.0,24533000000.0,0.78,0.79,19309000000.0,19309000000.0,19309000000.0,19309000000.0,19309000000.0,3007000000.0,22316000000.0,36000000.0,36000000.0,21869000000.0,4287000000.0,3390000000.0,897000000.0,26156000000.0,8926000000.0,35082000000.0,35082000000.0,,,411000000.0,61000000.0,472000000.0,,,,,,411000000.0,61000000.0,472000000.0,,,,,,NVDA,2024-10-31 00:00:00,,,,,,,,,,,,,,,,,,,,,,,,
,0.0,0.123964,25821000000.0,22091000000.0,543000000.0,10608000000.0,25821000000.0,25278000000.0,22091000000.0,22091000000.0,15297000000.0,24034000000.0,24706000000.0,24489000000.0,0.89,0.9,22091000000.0,22091000000.0,22091000000.0,22091000000.0,22091000000.0,3126000000.0,25217000000.0,733000000.0,733000000.0,24034000000.0,4689000000.0,3714000000.0,975000000.0,28723000000.0,10608000000.0,39331000000.0,39331000000.0,,,450000000.0,61000000.0,511000000.0,,,,,,450000000.0,61000000.0,511000000.0,,,,,,NVDA,2025-01-31,,,,,,,,,,,,,,,,,,,,,,,,
,0.0,0.123964,25821000000.0,22091000000.0,543000000.0,10608000000.0,25821000000.0,25278000000.0,22091000000.0,22091000000.0,15297000000.0,24034000000.0,24706000000.0,24489000000.0,0.89,0.9,22091000000.0,22091000000.0,22091000000.0,22091000000.0,22091000000.0,3126000000.0,25217000000.0,733000000.0,733000000.0,24034000000.0,4689000000.0,3714000000.0,975000000.0,28723000000.0,10608000000.0,39331000000.0,39331000000.0,,,450000000.0,61000000.0,511000000.0,,,,,,450000000.0,61000000.0,511000000.0,,,,,,NVDA,2025-01-31 00:00:00,,,,,,,,,,,,,,,,,,,,,,,,
,0.0,0.143,22584000000.0,18775000000.0,611000000.0,17394000000.0,22584000000.0,21973000000.0,18775000000.0,18775000000.0,22424000000.0,21638000000.0,24611000000.0,24441000000.0,0.76,0.77,18775000000.0,18775000000.0,18775000000.0,18775000000.0,18775000000.0,3135000000.0,21910000000.0,-180000000.0,-180000000.0,21638000000.0,5030000000.0,3989000000.0,1041000000.0,26668000000.0,17394000000.0,44062000000.0,44062000000.0,,,452000000.0,63000000.0,515000000.0,,,,,,452000000.0,63000000.0,515000000.0,,,,,,NVDA,2025-04-30,,,,,,,,,,,,,,,,,,,,,,,,
,0.0,0.143,22584000000.0,18775000000.0,611000000.0,17394000000.0,22584000000.0,21973000000.0,18775000000.0,18775000000.0,22424000000.0,21638000000.0,24611000000.0,24441000000.0,0.76,0.77,18775000000.0,18775000000.0,18775000000.0,18775000000.0,18775000000.0,3135000000.0,21910000000.0,-180000000.0,-180000000.0,21638000000.0,5030000000.0,3989000000.0,1041000000.0,26668000000.0,17394000000.0,44062000000.0,44062000000.0,,,452000000.0,63000000.0,515000000.0,,,,,,452000000.0,63000000.0,515000000.0,,,,,,NVDA,2025-04-30 00:00:00,,,,,,,,,,,,,,,,,,,,,,,,
,0.0,0.153304,31937000000.0,26422000000.0,669000000.0,12890000000.0,31937000000.0,31268000000.0,26422000000.0,26422000000.0,18303000000.0,28440000000.0,24532000000.0,24366000000.0,1.08,1.08,26422000000.0,26422000000.0,26422000000.0,26422000000.0,26422000000.0,4784000000.0,31206000000.0,2236000000.0,2236000000.0,28440000000.0,5413000000.0,4291000000.0,1122000000.0,33853000000.0,12890000000.0,46743000000.0,46743000000.0,,,530000000.0,62000000.0,592000000.0,,,,,,530000000.0,62000000.0,592000000.0,,,,,,NVDA,2025-07-31,,,,,,,,,,,,,,,,,,,,,,,,
,0.0,0.153304,31937000000.0,26422000000.0,669000000.0,12890000000.0,31937000000.0,31268000000.0,26422000000.0,26422000000.0,18303000000.0,28440000000.0,24532000000.0,24366000000.0,1.08,1.08,26422000000.0,26422000000.0,26422000000.0,26422000000.0,26422000000.0,4784000000.0,31206000000.0,2236000000.0,2236000000.0,28440000000.0,5413000000.0,4291000000.0,1122000000.0,33853000000.0,12890000000.0,46743000000.0,46743000000.0,,,530000000.0,62000000.0,592000000.0,,,,,,530000000.0,62000000.0,592000000.0,,,,,,NVDA,2025-07-31 00:00:00,,,,,,,,,,,,,,,,,,,,,,,,
2024-07-31,0.0,0.136099,19708000000.0,16599000000.0,433000000.0,7466000000.0,19708000000.0,19275000000.0,16599000000.0,16599000000.0,11398000000.0,18642000000.0,24848000000.0,24578000000.0,0.67,0.68,16599000000.0,16599000000.0,16599000000.0,16599000000.0,16599000000.0,2615000000.0,19214000000.0,189000000.0,189000000.0,18642000000.0,3932000000.0,3090000000.0,842000000.0,22574000000.0,7466000000.0,30040000000.0,30040000000.0,,,383000000.0,61000000.0,444000000.0,,,,,,383000000.0,61000000.0,444000000.0,,,,,,NVDA,,,,,,,,,,,,,,,,,,,,,,,,,
,,,,,,,,,,,,,2834000000.0,2753000000.0,1.11,1.14,,,,,,,,,,,,,,,,,,,,,,,,,,,,,,,,,,,,ORCL,2024-05-31 00:00:00,,,,,,,,,,,,,,,,,,,,,,,,
,-15525402.335121,0.075734,5644000000.0,2929000000.0,1428000000.0,3102000000.0,5439000000.0,4011000000.0,3118474597.664879,2929000000.0,9230000000.0,3991000000.0,2851000000.0,2761000000.0,1.03,1.06,2929000000.0,2929000000.0,2929000000.0,2929000000.0,2929000000.0,240000000.0,3169000000.0,-199000000.0,49000000.0,4077000000.0,5324000000.0,2306000000.0,2394000000.0,9401000000.0,3906000000.0,13307000000.0,13307000000.0,-205000000.0,-205000000.0,-709000000.0,842000000.0,133000000.0,,,,-86000000.0,86000000.0,-709000000.0,842000000.0,133000000.0,,-119000000.0,2036000000.0,358000000.0,358000000.0,ORCL,2024-08-31 00:00:00,,-43000000.0,,,,,624000000.0,624000000.0,624000000.0,624000000.0,,,,,,,,,,,,,,
,-16472000.0,0.071,5987000000.0,3151000000.0,1499000000.0,3177000000.0,5755000000.0,4256000000.0,3366528000.0,3151000000.0,9724000000.0,4220000000.0,2869000000.0,2790000000.0,1.1,1.13,3151000000.0,3151000000.0,3151000000.0,3151000000.0,3151000000.0,239000000.0,3390000000.0,-228000000.0,51000000.0,4335000000.0,5639000000.0,2471000000.0,2577000000.0,9974000000.0,4085000000.0,14059000000.0,14059000000.0,-232000000.0,-232000000.0,-717000000.0,866000000.0,149000000.0,,,,-115000000.0,115000000.0,-717000000.0,866000000.0,149000000.0,,-117000000.0,2190000000.0,387000000.0,387000000.0,ORCL,2024-11-30 00:00:00,,-47000000.0,,,,,591000000.0,591000000.0,591000000.0,591000000.0,,,,,,,,,,,,,,
,-27863000.0,0.149,6078000000.0,2936000000.0,1551000000.0,3192000000.0,5891000000.0,4340000000.0,3095137000.0,2936000000.0,9681000000.0,4358000000.0,2874000000.0,2799000000.0,1.02,1.05,2936000000.0,2936000000.0,2936000000.0,2936000000.0,2936000000.0,512000000.0,3448000000.0,-244000000.0,-9000000.0,4449000000.0,5486000000.0,2429000000.0,2509000000.0,9935000000.0,4195000000.0,14130000000.0,14130000000.0,-187000000.0,-187000000.0,-757000000.0,892000000.0,135000000.0,,,,-91000000.0,91000000.0,-757000000.0,892000000.0,135000000.0,,-96000000.0,2119000000.0,390000000.0,390000000.0,ORCL,2025-02-28 00:00:00,,-48000000.0,,,,,548000000.0,548000000.0,548000000.0,548000000.0,,,,,,,,,,,,,,
,-30557562.620424,0.174615,7001000000.0,3427000000.0,1696000000.0,3589000000.0,6826000000.0,5130000000.0,3571442437.379576,3427000000.0,10712000000.0,5109000000.0,,,,,3427000000.0,3427000000.0,3427000000.0,3427000000.0,3427000000.0,725000000.0,4152000000.0,-221000000.0,0.0,5191000000.0,5971000000.0,2654000000.0,2773000000.0,11162000000.0,4741000000.0,15903000000.0,15903000000.0,-175000000.0,-175000000.0,-818000000.0,978000000.0,160000000.0,,,,-82000000.0,82000000.0,-818000000.0,978000000.0,160000000.0,,-93000000.0,2306000000.0,467000000.0,467000000.0,ORCL,2025-05-31 00:00:00,,-46000000.0,,,,,544000000.0,544000000.0,544000000.0,544000000.0,,,,,,,,,,,,,,
,-72658301.721622,0.1459,6619000000.0,2927000000.0,1771000000.0,3533000000.0,6121000000.0,4350000000.0,3352341698.278378,2927000000.0,10234000000.0,4277000000.0,2909000000.0,2826000000.0,1.01,1.04,2927000000.0,2927000000.0,2927000000.0,2927000000.0,2927000000.0,500000000.0,3427000000.0,-445000000.0,100000000.0,4692000000.0,5350000000.0,2491000000.0,2439000000.0,10042000000.0,4884000000.0,14926000000.0,14926000000.0,-498000000.0,-498000000.0,-820000000.0,923000000.0,103000000.0,,,,-415000000.0,415000000.0,-820000000.0,923000000.0,103000000.0,,-83000000.0,2063000000.0,376000000.0,376000000.0,ORCL,2025-08-31 00:00:00,,-47000000.0,,,,,420000000.0,420000000.0,420000000.0,420000000.0,,,,,,,,,,,,,,
,,,,,,,,,,,,,2834000000.0,2753000000.0,1.11,1.14,,,,,,,,,,,,,,,,,,,,,,,,,,,,,,,,,,,,ORCL,2024-05-31 00:00:00,,,,,,,,,,,,,,,,,,,,,,,,
,-15525402.335121,0.075734,5644000000.0,2929000000.0,1428000000.0,3102000000.0,5439000000.0,4011000000.0,3118474597.664879,2929000000.0,9230000000.0,3991000000.0,2851000000.0,2761000000.0,1.03,1.06,2929000000.0,2929000000.0,2929000000.0,2929000000.0,2929000000.0,240000000.0,3169000000.0,-199000000.0,49000000.0,4077000000.0,5324000000.0,2306000000.0,2394000000.0,9401000000.0,3906000000.0,13307000000.0,13307000000.0,-205000000.0,-205000000.0,-709000000.0,842000000.0,133000000.0,,,,-86000000.0,86000000.0,-709000000.0,842000000.0,133000000.0,,-119000000.0,2036000000.0,358000000.0,358000000.0,ORCL,2024-08-31 00:00:00,,-43000000.0,,,,,624000000.0,624000000.0,624000000.0,624000000.0,,,,,,,,,,,,,,
,-16472000.0,0.071,5987000000.0,3151000000.0,1499000000.0,3177000000.0,5755000000.0,4256000000.0,3366528000.0,3151000000.0,9724000000.0,4220000000.0,2869000000.0,2790000000.0,1.1,1.13,3151000000.0,3151000000.0,3151000000.0,3151000000.0,3151000000.0,239000000.0,3390000000.0,-228000000.0,51000000.0,4335000000.0,5639000000.0,2471000000.0,2577000000.0,9974000000.0,4085000000.0,14059000000.0,14059000000.0,-232000000.0,-232000000.0,-717000000.0,866000000.0,149000000.0,,,,-115000000.0,115000000.0,-717000000.0,866000000.0,149000000.0,,-117000000.0,2190000000.0,387000000.0,387000000.0,ORCL,2024-11-30 00:00:00,,-47000000.0,,,,,591000000.0,591000000.0,591000000.0,591000000.0,,,,,,,,,,,,,,
,-27863000.0,0.149,6078000000.0,2936000000.0,1551000000.0,3192000000.0,5891000000.0,4340000000.0,3095137000.0,2936000000.0,9681000000.0,4358000000.0,2874000000.0,2799000000.0,1.02,1.05,2936000000.0,2936000000.0,2936000000.0,2936000000.0,2936000000.0,512000000.0,3448000000.0,-244000000.0,-9000000.0,4449000000.0,5486000000.0,2429000000.0,2509000000.0,9935000000.0,4195000000.0,14130000000.0,14130000000.0,-187000000.0,-187000000.0,-757000000.0,892000000.0,135000000.0,,,,-91000000.0,91000000.0,-757000000.0,892000000.0,135000000.0,,-96000000.0,2119000000.0,390000000.0,390000000.0,ORCL,2025-02-28 00:00:00,,-48000000.0,,,,,548000000.0,548000000.0,548000000.0,548000000.0,,,,,,,,,,,,,,
,-30557562.620424,0.174615,7001000000.0,3427000000.0,1696000000.0,3589000000.0,6826000000.0,5130000000.0,3571442437.379576,3427000000.0,10712000000.0,5109000000.0,,,,,3427000000.0,3427000000.0,3427000000.0,3427000000.0,3427000000.0,725000000.0,4152000000.0,-221000000.0,0.0,5191000000.0,5971000000.0,2654000000.0,2773000000.0,11162000000.0,4741000000.0,15903000000.0,15903000000.0,-175000000.0,-175000000.0,-818000000.0,978000000.0,160000000.0,,,,-82000000.0,82000000.0,-818000000.0,978000000.0,160000000.0,,-93000000.0,2306000000.0,467000000.0,467000000.0,ORCL,2025-05-31 00:00:00,,-46000000.0,,,,,544000000.0,544000000.0,544000000.0,544000000.0,,,,,,,,,,,,,,
,-72658301.721622,0.1459,6619000000.0,2927000000.0,1771000000.0,3533000000.0,6121000000.0,4350000000.0,3352341698.278378,2927000000.0,10234000000.0,4277000000.0,2909000000.0,2826000000.0,1.01,1.04,2927000000.0,2927000000.0,2927000000.0,2927000000.0,2927000000.0,500000000.0,3427000000.0,-445000000.0,100000000.0,4692000000.0,5350000000.0,2491000000.0,2439000000.0,10042000000.0,4884000000.0,14926000000.0,14926000000.0,-498000000.0,-498000000.0,-820000000.0,923000000.0,103000000.0,,,,-415000000.0,415000000.0,-820000000.0,923000000.0,103000000.0,,-83000000.0,2063000000.0,376000000.0,376000000.0,ORCL,2025-08-31 00:00:00,,-47000000.0,,,,,420000000.0,420000000.0,420000000.0,420000000.0,,,,,,,,,,,,,,
,,,,,,,,,,,,,,,,,,,,,,,,,,,,,,,,,,,,,,,,,,,,,,,,,,,,PEP,2024-03-31 00:00:00,0.0,,,,,,,,,,,,,,,,,,,,,,,
,0.0,0.200517,4993000000.0,3083000000.0,889000000.0,9919000000.0,4993000000.0,4104000000.0,3083000000.0,3083000000.0,18453000000.0,4048000000.0,1379000000.0,1375000000.0,2.23,2.24,3083000000.0,3083000000.0,3083000000.0,3094000000.0,3094000000.0,776000000.0,3870000000.0,56000000.0,56000000.0,4048000000.0,8534000000.0,,8534000000.0,12582000000.0,9919000000.0,22501000000.0,22501000000.0,0.0,0.0,-234000000.0,234000000.0,,,,-11000000.0,0.0,,-234000000.0,234000000.0,,,,,,,PEP,2024-06-30 00:00:00,0.0,,,,,,,,,,,,0.0,,,,,,,,,,,
,0.0,0.203,4812000000.0,2930000000.0,899000000.0,10396000000.0,4812000000.0,3913000000.0,2930000000.0,2930000000.0,19447000000.0,3872000000.0,1378000000.0,1373000000.0,2.13,2.13,2930000000.0,2930000000.0,2930000000.0,2945000000.0,2945000000.0,749000000.0,3694000000.0,41000000.0,41000000.0,3872000000.0,9051000000.0,,9051000000.0,12923000000.0,10396000000.0,23319000000.0,23319000000.0,,,-219000000.0,219000000.0,,,,-15000000.0,,,-219000000.0,219000000.0,,,,,,,PEP,2024-09-30 00:00:00,0.0,,,,,,,,,,,,,,,,,,,,,,,
,0.0,0.152018,3332000000.0,1523000000.0,1259000000.0,13181000000.0,3332000000.0,2073000000.0,1523000000.0,1523000000.0,25501000000.0,2250000000.0,1377000000.0,1371989025.0,1.11,1.110067,1523000000.0,1523000000.0,1523000000.0,1534000000.0,1534000000.0,275000000.0,1809000000.0,-210000000.0,-177000000.0,2283000000.0,12320000000.0,,12320000000.0,14603000000.0,13181000000.0,27784000000.0,27784000000.0,,,-264000000.0,264000000.0,,,,-11000000.0,,,-264000000.0,264000000.0,,,,,,,PEP,2024-12-31 00:00:00,,,,,,,,,,,,,,,,,,,,,,,,
,0.0,0.213,3435000000.0,1834000000.0,829000000.0,7926000000.0,3435000000.0,2606000000.0,1834000000.0,1834000000.0,15336000000.0,2583000000.0,1376000000.0,1372000000.0,1.33,1.34,1834000000.0,1834000000.0,1834000000.0,1843000000.0,1843000000.0,499000000.0,2342000000.0,23000000.0,23000000.0,2583000000.0,7410000000.0,,7410000000.0,9993000000.0,7926000000.0,17919000000.0,17919000000.0,,,-264000000.0,264000000.0,,,,-9000000.0,,,-264000000.0,264000000.0,,,,,,,PEP,2025-03-31 00:00:00,0.0,,,,,,,,,,,,,,,,,,,,,,,
,-345716104.392107,0.185869,4668000000.0,1263000000.0,977000000.0,10304000000.0,2808000000.0,1831000000.0,2777283895.607893,1263000000.0,19077000000.0,1789000000.0,1373000000.0,1371000000.0,0.92,0.92,1263000000.0,1263000000.0,1263000000.0,1279000000.0,1279000000.0,292000000.0,1571000000.0,-1818000000.0,42000000.0,3649000000.0,8773000000.0,,8773000000.0,12422000000.0,10304000000.0,22726000000.0,22726000000.0,-1860000000.0,-1860000000.0,-260000000.0,260000000.0,,,,-16000000.0,-1860000000.0,,-260000000.0,260000000.0,,,,,,,PEP,2025-06-30 00:00:00,0.0,,,,,,,,,,,,1860000000.0,,,,,,,,,,,
,,,,,,,,,,,,,,,,,,,,,,,,,,,,,,,,,,,,,,,,,,,,,,,,,,,,PEP,2024-03-31 00:00:00,0.0,,,,,,,,,,,,,,,,,,,,,,,
,0.0,0.200517,4993000000.0,3083000000.0,889000000.0,9919000000.0,4993000000.0,4104000000.0,3083000000.0,3083000000.0,18453000000.0,4048000000.0,1379000000.0,1375000000.0,2.23,2.24,3083000000.0,3083000000.0,3083000000.0,3094000000.0,3094000000.0,776000000.0,3870000000.0,56000000.0,56000000.0,4048000000.0,8534000000.0,,8534000000.0,12582000000.0,9919000000.0,22501000000.0,22501000000.0,0.0,0.0,-234000000.0,234000000.0,,,,-11000000.0,0.0,,-234000000.0,234000000.0,,,,,,,PEP,2024-06-30 00:00:00,0.0,,,,,,,,,,,,0.0,,,,,,,,,,,
,0.0,0.203,4812000000.0,2930000000.0,899000000.0,10396000000.0,4812000000.0,3913000000.0,2930000000.0,2930000000.0,19447000000.0,3872000000.0,1378000000.0,1373000000.0,2.13,2.13,2930000000.0,2930000000.0,2930000000.0,2945000000.0,2945000000.0,749000000.0,3694000000.0,41000000.0,41000000.0,3872000000.0,9051000000.0,,9051000000.0,12923000000.0,10396000000.0,23319000000.0,23319000000.0,,,-219000000.0,219000000.0,,,,-15000000.0,,,-219000000.0,219000000.0,,,,,,,PEP,2024-09-30 00:00:00,0.0,,,,,,,,,,,,,,,,,,,,,,,
,0.0,0.152018,3332000000.0,1523000000.0,1259000000.0,13181000000.0,3332000000.0,2073000000.0,1523000000.0,1523000000.0,25501000000.0,2250000000.0,1377000000.0,1371989025.0,1.11,1.110067,1523000000.0,1523000000.0,1523000000.0,1534000000.0,1534000000.0,275000000.0,1809000000.0,-210000000.0,-177000000.0,2283000000.0,12320000000.0,,12320000000.0,14603000000.0,13181000000.0,27784000000.0,27784000000.0,,,-264000000.0,264000000.0,,,,-11000000.0,,,-264000000.0,264000000.0,,,,,,,PEP,2024-12-31 00:00:00,,,,,,,,,,,,,,,,,,,,,,,,
,0.0,0.213,3435000000.0,1834000000.0,829000000.0,7926000000.0,3435000000.0,2606000000.0,1834000000.0,1834000000.0,15336000000.0,2583000000.0,1376000000.0,1372000000.0,1.33,1.34,1834000000.0,1834000000.0,1834000000.0,1843000000.0,1843000000.0,499000000.0,2342000000.0,23000000.0,23000000.0,2583000000.0,7410000000.0,,7410000000.0,9993000000.0,7926000000.0,17919000000.0,17919000000.0,,,-264000000.0,264000000.0,,,,-9000000.0,,,-264000000.0,264000000.0,,,,,,,PEP,2025-03-31 00:00:00,0.0,,,,,,,,,,,,,,,,,,,,,,,
,-345716104.392107,0.185869,4668000000.0,1263000000.0,977000000.0,10304000000.0,2808000000.0,1831000000.0,2777283895.607893,1263000000.0,19077000000.0,1789000000.0,1373000000.0,1371000000.0,0.92,0.92,1263000000.0,1263000000.0,1263000000.0,1279000000.0,1279000000.0,292000000.0,1571000000.0,-1818000000.0,42000000.0,3649000000.0,8773000000.0,,8773000000.0,12422000000.0,10304000000.0,22726000000.0,22726000000.0,-1860000000.0,-1860000000.0,-260000000.0,260000000.0,,,,-16000000.0,-1860000000.0,,-260000000.0,260000000.0,,,,,,,PEP,2025-06-30 00:00:00,0.0,,,,,,,,,,,,1860000000.0,,,,,,,,,,,
,,,,,,,,,,,,,,,,,,,,,,,,,,,,,,,,,,,,,,,,,,,,,,,,,,,,PFE,2024-03-31 00:00:00,,,,,,,,,,,150000000.0,,,,,,,,,,,,,
,-421050000.0,0.21,4411000000.0,24000000.0,1731000000.0,2876000000.0,2406000000.0,675000000.0,1607950000.0,41000000.0,11026000000.0,,5696000000.0,5666000000.0,0.01,0.01,41000000.0,41000000.0,41000000.0,48000000.0,31000000.0,-134000000.0,-103000000.0,-1713000000.0,252000000.0,2257000000.0,7726000000.0,2702000000.0,3717000000.0,9983000000.0,3300000000.0,13283000000.0,13283000000.0,-2005000000.0,-2005000000.0,-648000000.0,778000000.0,130000000.0,,,-7000000.0,-1663000000.0,1254000000.0,-648000000.0,778000000.0,130000000.0,41000000.0,-342000000.0,,,,PFE,2024-06-30 00:00:00,,40000000.0,,,,17000000.0,1307000000.0,1307000000.0,1307000000.0,1307000000.0,,169000000.0,240000000.0,,,,,,,,,,,
,-16650000.0,0.05,7586000000.0,4473000000.0,1755000000.0,4820000000.0,7253000000.0,5498000000.0,4789350000.0,4465000000.0,12430000000.0,,5705000000.0,5667000000.0,0.78,0.79,4465000000.0,4465000000.0,4465000000.0,4473000000.0,4481000000.0,234000000.0,4715000000.0,112000000.0,295000000.0,5271000000.0,7167000000.0,2611000000.0,3244000000.0,12438000000.0,5263000000.0,17701000000.0,17701000000.0,-333000000.0,-333000000.0,-667000000.0,783000000.0,116000000.0,,,-8000000.0,-779000000.0,314000000.0,-667000000.0,783000000.0,116000000.0,111000000.0,446000000.0,,,,PFE,2024-09-30 00:00:00,,150000000.0,,,,-8000000.0,1312000000.0,1312000000.0,1312000000.0,1312000000.0,-420000000.0,45000000.0,0.0,,,,,,,,,,,
,-436380000.0,0.21,4598000000.0,403000000.0,1791000000.0,5477000000.0,2520000000.0,729000000.0,2044620000.0,410000000.0,14665000000.0,,5703000000.0,5667000000.0,0.07,0.07,410000000.0,410000000.0,410000000.0,418000000.0,411000000.0,-421000000.0,-10000000.0,-2541000000.0,-463000000.0,3099000000.0,8756000000.0,3123000000.0,4274000000.0,11855000000.0,5909000000.0,17764000000.0,17764000000.0,-2078000000.0,-2078000000.0,-568000000.0,739000000.0,171000000.0,,,-8000000.0,-3046000000.0,750000000.0,-568000000.0,739000000.0,171000000.0,255000000.0,968000000.0,,,,PFE,2024-12-31 00:00:00,,0.0,,,,7000000.0,1359000000.0,1359000000.0,1359000000.0,1359000000.0,795000000.0,145000000.0,2946000000.0,,,,,,,,,,,
,-296940000.0,0.21,6471000000.0,2967000000.0,1618000000.0,2438000000.0,5057000000.0,3439000000.0,4084060000.0,2967000000.0,9299000000.0,,5710000000.0,5675000000.0,0.52,0.52,2967000000.0,2967000000.0,2967000000.0,2973000000.0,2973000000.0,-189000000.0,2785000000.0,-1121000000.0,293000000.0,4416000000.0,6454000000.0,2212000000.0,3031000000.0,10870000000.0,2845000000.0,13715000000.0,13715000000.0,-1414000000.0,-1414000000.0,-511000000.0,654000000.0,143000000.0,,,-6000000.0,-1044000000.0,678000000.0,-511000000.0,654000000.0,143000000.0,173000000.0,-370000000.0,,,,PFE,2025-03-31 00:00:00,,0.0,,,,0.0,1211000000.0,1211000000.0,1211000000.0,1211000000.0,,142000000.0,224000000.0,,,,,,,,,,,
,-19547306.176084,0.046321,5745000000.0,2885000000.0,1625000000.0,3364000000.0,5323000000.0,3698000000.0,3287452693.823916,2910000000.0,10888000000.0,,5706000000.0,5685000000.0,0.51,0.51,2910000000.0,2910000000.0,2910000000.0,2928000000.0,2903000000.0,141000000.0,3044000000.0,-224000000.0,198000000.0,3765000000.0,7110000000.0,2484000000.0,3415000000.0,10875000000.0,3778000000.0,14653000000.0,14653000000.0,-422000000.0,-422000000.0,-498000000.0,654000000.0,156000000.0,,,-18000000.0,-497000000.0,-18000000.0,-498000000.0,654000000.0,156000000.0,44000000.0,75000000.0,,,,PFE,2025-06-30 00:00:00,,0.0,,,,25000000.0,1211000000.0,1211000000.0,1211000000.0,1211000000.0,,422000000.0,93000000.0,,,,,,,,,,,
,,,,,,,,,,,,,,,,,,,,,,,,,,,,,,,,,,,,,,,,,,,,,,,,,,,,PFE,2024-03-31 00:00:00,,,,,,,,,,,150000000.0,,,,,,,,,,,,,
,-421050000.0,0.21,4411000000.0,24000000.0,1731000000.0,2876000000.0,2406000000.0,675000000.0,1607950000.0,41000000.0,11026000000.0,,5696000000.0,5666000000.0,0.01,0.01,41000000.0,41000000.0,41000000.0,48000000.0,31000000.0,-134000000.0,-103000000.0,-1713000000.0,252000000.0,2257000000.0,7726000000.0,2702000000.0,3717000000.0,9983000000.0,3300000000.0,13283000000.0,13283000000.0,-2005000000.0,-2005000000.0,-648000000.0,778000000.0,130000000.0,,,-7000000.0,-1663000000.0,1254000000.0,-648000000.0,778000000.0,130000000.0,41000000.0,-342000000.0,,,,PFE,2024-06-30 00:00:00,,40000000.0,,,,17000000.0,1307000000.0,1307000000.0,1307000000.0,1307000000.0,,169000000.0,240000000.0,,,,,,,,,,,
,-16650000.0,0.05,7586000000.0,4473000000.0,1755000000.0,4820000000.0,7253000000.0,5498000000.0,4789350000.0,4465000000.0,12430000000.0,,5705000000.0,5667000000.0,0.78,0.79,4465000000.0,4465000000.0,4465000000.0,4473000000.0,4481000000.0,234000000.0,4715000000.0,112000000.0,295000000.0,5271000000.0,7167000000.0,2611000000.0,3244000000.0,12438000000.0,5263000000.0,17701000000.0,17701000000.0,-333000000.0,-333000000.0,-667000000.0,783000000.0,116000000.0,,,-8000000.0,-779000000.0,314000000.0,-667000000.0,783000000.0,116000000.0,111000000.0,446000000.0,,,,PFE,2024-09-30 00:00:00,,150000000.0,,,,-8000000.0,1312000000.0,1312000000.0,1312000000.0,1312000000.0,-420000000.0,45000000.0,0.0,,,,,,,,,,,
,-436380000.0,0.21,4598000000.0,403000000.0,1791000000.0,5477000000.0,2520000000.0,729000000.0,2044620000.0,410000000.0,14665000000.0,,5703000000.0,5667000000.0,0.07,0.07,410000000.0,410000000.0,410000000.0,418000000.0,411000000.0,-421000000.0,-10000000.0,-2541000000.0,-463000000.0,3099000000.0,8756000000.0,3123000000.0,4274000000.0,11855000000.0,5909000000.0,17764000000.0,17764000000.0,-2078000000.0,-2078000000.0,-568000000.0,739000000.0,171000000.0,,,-8000000.0,-3046000000.0,750000000.0,-568000000.0,739000000.0,171000000.0,255000000.0,968000000.0,,,,PFE,2024-12-31 00:00:00,,0.0,,,,7000000.0,1359000000.0,1359000000.0,1359000000.0,1359000000.0,795000000.0,145000000.0,2946000000.0,,,,,,,,,,,
,-296940000.0,0.21,6471000000.0,2967000000.0,1618000000.0,2438000000.0,5057000000.0,3439000000.0,4084060000.0,2967000000.0,9299000000.0,,5710000000.0,5675000000.0,0.52,0.52,2967000000.0,2967000000.0,2967000000.0,2973000000.0,2973000000.0,-189000000.0,2785000000.0,-1121000000.0,293000000.0,4416000000.0,6454000000.0,2212000000.0,3031000000.0,10870000000.0,2845000000.0,13715000000.0,13715000000.0,-1414000000.0,-1414000000.0,-511000000.0,654000000.0,143000000.0,,,-6000000.0,-1044000000.0,678000000.0,-511000000.0,654000000.0,143000000.0,173000000.0,-370000000.0,,,,PFE,2025-03-31 00:00:00,,0.0,,,,0.0,1211000000.0,1211000000.0,1211000000.0,1211000000.0,,142000000.0,224000000.0,,,,,,,,,,,
,-19547306.176084,0.046321,5745000000.0,2885000000.0,1625000000.0,3364000000.0,5323000000.0,3698000000.0,3287452693.823916,2910000000.0,10888000000.0,,5706000000.0,5685000000.0,0.51,0.51,2910000000.0,2910000000.0,2910000000.0,2928000000.0,2903000000.0,141000000.0,3044000000.0,-224000000.0,198000000.0,3765000000.0,7110000000.0,2484000000.0,3415000000.0,10875000000.0,3778000000.0,14653000000.0,14653000000.0,-422000000.0,-422000000.0,-498000000.0,654000000.0,156000000.0,,,-18000000.0,-497000000.0,-18000000.0,-498000000.0,654000000.0,156000000.0,44000000.0,75000000.0,,,,PFE,2025-06-30 00:00:00,,0.0,,,,25000000.0,1211000000.0,1211000000.0,1211000000.0,1211000000.0,,422000000.0,93000000.0,,,,,,,,,,,
,,,,,,,,,,,,,,,,,,,,,,,,,,,,,,,,,,0.0,0.0,,,,,,,0.0,,,,,,,,,,PG,2024-03-31 00:00:00,,,,,,,,,,,,,0.0,,,,,,,,,,,
,0.0,0.187597,4851000000.0,3137000000.0,761000000.0,10348000000.0,4851000000.0,4090000000.0,3137000000.0,3137000000.0,16647000000.0,3885000000.0,2472200000.0,2413076923.0,1.27,1.3,3346000000.0,3062000000.0,3137000000.0,3144000000.0,3144000000.0,726000000.0,3870000000.0,98000000.0,98000000.0,3885000000.0,6299000000.0,,6299000000.0,10184000000.0,10348000000.0,20532000000.0,20532000000.0,0.0,0.0,-113000000.0,220000000.0,107000000.0,,,-7000000.0,0.0,,-113000000.0,220000000.0,107000000.0,,,,,,PG,2024-06-30 00:00:00,,,,,,,,,,,,,0.0,,,,,,75000000.0,,,,,
,0.0,0.224,6106000000.0,3959000000.0,728000000.0,10421000000.0,6106000000.0,5378000000.0,3959000000.0,3959000000.0,15940000000.0,5797000000.0,2466000000.0,2399393939.0,1.61,1.65,3887000000.0,3887000000.0,3959000000.0,3987000000.0,3987000000.0,1152000000.0,5140000000.0,-554000000.0,-554000000.0,5797000000.0,5519000000.0,,5519000000.0,11316000000.0,10421000000.0,21737000000.0,21737000000.0,,,-103000000.0,238000000.0,135000000.0,,,-28000000.0,,,-103000000.0,238000000.0,135000000.0,,,,,,PG,2024-09-30 00:00:00,,,,,,,,,,,,,,,,,,,72000000.0,,,,,
,0.0,0.203,6791000000.0,4630000000.0,706000000.0,10418000000.0,6791000000.0,6085000000.0,4630000000.0,4630000000.0,16141000000.0,5741000000.0,2458100000.0,2386597938.0,1.88,1.94,4558000000.0,4558000000.0,4630000000.0,4659000000.0,4659000000.0,1187000000.0,5845000000.0,224000000.0,224000000.0,5741000000.0,5723000000.0,,5723000000.0,11464000000.0,10418000000.0,21882000000.0,21882000000.0,0.0,0.0,-121000000.0,240000000.0,119000000.0,,,-29000000.0,0.0,,-121000000.0,240000000.0,119000000.0,,,,,,PG,2024-12-31 00:00:00,,,,,,,,,,,,,0.0,,,,,,72000000.0,,,,,
,0.0,0.186,5568000000.0,3769000000.0,690000000.0,9694000000.0,5568000000.0,4878000000.0,3769000000.0,3769000000.0,15218000000.0,4558000000.0,2449800000.0,2385443038.0,1.54,1.58,3698000000.0,3698000000.0,3769000000.0,3793000000.0,3793000000.0,868000000.0,4661000000.0,210000000.0,210000000.0,4558000000.0,5524000000.0,,5524000000.0,10082000000.0,9694000000.0,19776000000.0,19776000000.0,0.0,0.0,-106000000.0,217000000.0,111000000.0,,,-23000000.0,0.0,,-106000000.0,217000000.0,111000000.0,,,,,,PG,2025-03-31 00:00:00,,,,,,,,,,,,,0.0,,,,,,71000000.0,,,,,
,0.0,0.197965,5456000000.0,3615000000.0,723000000.0,10631000000.0,5456000000.0,4733000000.0,3615000000.0,3615000000.0,16535000000.0,4355000000.0,2443800000.0,2394039735.0,1.48,1.51,3830000000.0,3538000000.0,3615000000.0,3626000000.0,3626000000.0,895000000.0,4521000000.0,274000000.0,274000000.0,4354000000.0,5904000000.0,,5904000000.0,10258000000.0,10631000000.0,20889000000.0,20889000000.0,0.0,0.0,-108000000.0,212000000.0,104000000.0,,,-11000000.0,0.0,,-108000000.0,212000000.0,104000000.0,,,,,,PG,2025-06-30 00:00:00,,,,,,,,,,,,,0.0,,,,,,76000000.0,,,,,
,,,,,,,,,,,,,,,,,,,,,,,,,,,,,,,,,,0.0,0.0,,,,,,,0.0,,,,,,,,,,PG,2024-03-31 00:00:00,,,,,,,,,,,,,0.0,,,,,,,,,,,
,0.0,0.187597,4851000000.0,3137000000.0,761000000.0,10348000000.0,4851000000.0,4090000000.0,3137000000.0,3137000000.0,16647000000.0,3885000000.0,2472200000.0,2413076923.0,1.27,1.3,3346000000.0,3062000000.0,3137000000.0,3144000000.0,3144000000.0,726000000.0,3870000000.0,98000000.0,98000000.0,3885000000.0,6299000000.0,,6299000000.0,10184000000.0,10348000000.0,20532000000.0,20532000000.0,0.0,0.0,-113000000.0,220000000.0,107000000.0,,,-7000000.0,0.0,,-113000000.0,220000000.0,107000000.0,,,,,,PG,2024-06-30 00:00:00,,,,,,,,,,,,,0.0,,,,,,75000000.0,,,,,
,0.0,0.224,6106000000.0,3959000000.0,728000000.0,10421000000.0,6106000000.0,5378000000.0,3959000000.0,3959000000.0,15940000000.0,5797000000.0,2466000000.0,2399393939.0,1.61,1.65,3887000000.0,3887000000.0,3959000000.0,3987000000.0,3987000000.0,1152000000.0,5140000000.0,-554000000.0,-554000000.0,5797000000.0,5519000000.0,,5519000000.0,11316000000.0,10421000000.0,21737000000.0,21737000000.0,,,-103000000.0,238000000.0,135000000.0,,,-28000000.0,,,-103000000.0,238000000.0,135000000.0,,,,,,PG,2024-09-30 00:00:00,,,,,,,,,,,,,,,,,,,72000000.0,,,,,
,0.0,0.203,6791000000.0,4630000000.0,706000000.0,10418000000.0,6791000000.0,6085000000.0,4630000000.0,4630000000.0,16141000000.0,5741000000.0,2458100000.0,2386597938.0,1.88,1.94,4558000000.0,4558000000.0,4630000000.0,4659000000.0,4659000000.0,1187000000.0,5845000000.0,224000000.0,224000000.0,5741000000.0,5723000000.0,,5723000000.0,11464000000.0,10418000000.0,21882000000.0,21882000000.0,0.0,0.0,-121000000.0,240000000.0,119000000.0,,,-29000000.0,0.0,,-121000000.0,240000000.0,119000000.0,,,,,,PG,2024-12-31 00:00:00,,,,,,,,,,,,,0.0,,,,,,72000000.0,,,,,
,0.0,0.186,5568000000.0,3769000000.0,690000000.0,9694000000.0,5568000000.0,4878000000.0,3769000000.0,3769000000.0,15218000000.0,4558000000.0,2449800000.0,2385443038.0,1.54,1.58,3698000000.0,3698000000.0,3769000000.0,3793000000.0,3793000000.0,868000000.0,4661000000.0,210000000.0,210000000.0,4558000000.0,5524000000.0,,5524000000.0,10082000000.0,9694000000.0,19776000000.0,19776000000.0,0.0,0.0,-106000000.0,217000000.0,111000000.0,,,-23000000.0,0.0,,-106000000.0,217000000.0,111000000.0,,,,,,PG,2025-03-31 00:00:00,,,,,,,,,,,,,0.0,,,,,,71000000.0,,,,,
,0.0,0.197965,5456000000.0,3615000000.0,723000000.0,10631000000.0,5456000000.0,4733000000.0,3615000000.0,3615000000.0,16535000000.0,4355000000.0,2443800000.0,2394039735.0,1.48,1.51,3830000000.0,3538000000.0,3615000000.0,3626000000.0,3626000000.0,895000000.0,4521000000.0,274000000.0,274000000.0,4354000000.0,5904000000.0,,5904000000.0,10258000000.0,10631000000.0,20889000000.0,20889000000.0,0.0,0.0,-108000000.0,212000000.0,104000000.0,,,-11000000.0,0.0,,-108000000.0,212000000.0,104000000.0,,,,,,PG,2025-06-30 00:00:00,,,,,,,,,,,,,0.0,,,,,,76000000.0,,,,,
,,,,,,,,,,,,,953912000.0,925322000.0,0.63,0.63,,,,,,,,,,,,,,,,,,,,,,,,,,,,,,,,,,,,PLD,2024-03-31 00:00:00,,,,,,,,,,,,-536000.0,,,,,,,,,,,,
,14599534.306906,0.045109,1476480000.0,861348000.0,637305000.0,515771000.0,1800132000.0,1162827000.0,552295534.306906,861348000.0,1271116000.0,1023338000.0,953200000.0,926276000.0,0.92,0.93,881396000.0,859845000.0,861348000.0,911501000.0,911501000.0,43059000.0,954560000.0,425989000.0,,736838000.0,755345000.0,,106596000.0,1492183000.0,515771000.0,2007954000.0,2007954000.0,323652000.0,323652000.0,-208267000.0,208267000.0,,,,-50153000.0,0.0,,-208267000.0,208267000.0,,,323652000.0,,106596000.0,106596000.0,PLD,2024-06-30 00:00:00,21551000.0,102337000.0,,11444000.0,,,637305000.0,637305000.0,,,,,,,,,,,1503000.0,,,,,
,1691295.421317,0.003947,1518534000.0,1005719000.0,649265000.0,488767000.0,1947043000.0,1297778000.0,578901295.421317,1005719000.0,1251869000.0,1250971000.0,953813000.0,926427000.0,1.08,1.08,1029397000.0,1004267000.0,1005719000.0,1063451000.0,1063451000.0,4214000.0,1067665000.0,513258000.0,,784520000.0,763102000.0,,98154000.0,1547622000.0,488767000.0,2036389000.0,2036389000.0,428509000.0,428509000.0,-230113000.0,230113000.0,,,,-57732000.0,0.0,,-230113000.0,230113000.0,,,428509000.0,,98154000.0,98154000.0,PLD,2024-09-30 00:00:00,25130000.0,84749000.0,,15683000.0,,,649265000.0,649265000.0,,,,,,,,,,,1452000.0,,,,,
,39697704.209662,0.060789,1637743000.0,1278853000.0,656444000.0,519635000.0,2290786000.0,1634342000.0,665507704.209662,1278853000.0,1286476000.0,1421256000.0,,,,,1309580000.0,1277379000.0,1278853000.0,1342176000.0,1342176000.0,86870000.0,1429046000.0,747108000.0,,914170000.0,766841000.0,,102724000.0,1681011000.0,519635000.0,2200646000.0,2200646000.0,653043000.0,653043000.0,-231932000.0,205296000.0,,,,-63323000.0,0.0,,-231932000.0,205296000.0,,,653043000.0,,102724000.0,102724000.0,PLD,2024-12-31 00:00:00,32201000.0,94065000.0,,7673000.0,,,656444000.0,656444000.0,,,,0.0,,,,,,,1474000.0,,,,,
,2070482.537051,0.063527,1534369000.0,592953000.0,652058000.0,549094000.0,1566961000.0,914903000.0,562431482.537051,592953000.0,1325502000.0,878413000.0,956080000.0,927338000.0,0.63,0.64,606492000.0,591501000.0,592953000.0,639520000.0,639520000.0,43383000.0,682903000.0,100491000.0,,814163000.0,776408000.0,,114701000.0,1590571000.0,549094000.0,2139665000.0,2139665000.0,32592000.0,32592000.0,-232000000.0,232000000.0,,,,-46567000.0,0.0,,-232000000.0,232000000.0,,,32592000.0,,114701000.0,114701000.0,PLD,2025-03-31 00:00:00,14991000.0,67899000.0,,9649000.0,,,652058000.0,652058000.0,,,,,,,,,,,1452000.0,,,,,
,-2367217.647578,0.036247,1620104000.0,571229000.0,657221000.0,552880000.0,1554796000.0,897575000.0,634169782.352422,571229000.0,1328678000.0,912712000.0,955882000.0,928476000.0,0.61,0.61,583660000.0,569724000.0,571229000.0,622304000.0,622304000.0,23405000.0,645709000.0,42384000.0,,855191000.0,775798000.0,,106871000.0,1630989000.0,552880000.0,2183869000.0,2183869000.0,-65308000.0,-65308000.0,-251866000.0,251866000.0,,,,-51075000.0,0.0,,-251866000.0,251866000.0,,,-65308000.0,,106871000.0,106871000.0,PLD,2025-06-30 00:00:00,13936000.0,107692000.0,,11706000.0,,,657221000.0,657221000.0,,,,,,,,,,,1505000.0,,,,,
,,,,,,,,,,,,,953912000.0,925322000.0,0.63,0.63,,,,,,,,,,,,,,,,,,,,,,,,,,,,,,,,,,,,PLD,2024-03-31 00:00:00,,,,,,,,,,,,-536000.0,,,,,,,,,,,,
,14599534.306906,0.045109,1476480000.0,861348000.0,637305000.0,515771000.0,1800132000.0,1162827000.0,552295534.306906,861348000.0,1271116000.0,1023338000.0,953200000.0,926276000.0,0.92,0.93,881396000.0,859845000.0,861348000.0,911501000.0,911501000.0,43059000.0,954560000.0,425989000.0,,736838000.0,755345000.0,,106596000.0,1492183000.0,515771000.0,2007954000.0,2007954000.0,323652000.0,323652000.0,-208267000.0,208267000.0,,,,-50153000.0,0.0,,-208267000.0,208267000.0,,,323652000.0,,106596000.0,106596000.0,PLD,2024-06-30 00:00:00,21551000.0,102337000.0,,11444000.0,,,637305000.0,637305000.0,,,,,,,,,,,1503000.0,,,,,
,1691295.421317,0.003947,1518534000.0,1005719000.0,649265000.0,488767000.0,1947043000.0,1297778000.0,578901295.421317,1005719000.0,1251869000.0,1250971000.0,953813000.0,926427000.0,1.08,1.08,1029397000.0,1004267000.0,1005719000.0,1063451000.0,1063451000.0,4214000.0,1067665000.0,513258000.0,,784520000.0,763102000.0,,98154000.0,1547622000.0,488767000.0,2036389000.0,2036389000.0,428509000.0,428509000.0,-230113000.0,230113000.0,,,,-57732000.0,0.0,,-230113000.0,230113000.0,,,428509000.0,,98154000.0,98154000.0,PLD,2024-09-30 00:00:00,25130000.0,84749000.0,,15683000.0,,,649265000.0,649265000.0,,,,,,,,,,,1452000.0,,,,,
,39697704.209662,0.060789,1637743000.0,1278853000.0,656444000.0,519635000.0,2290786000.0,1634342000.0,665507704.209662,1278853000.0,1286476000.0,1421256000.0,,,,,1309580000.0,1277379000.0,1278853000.0,1342176000.0,1342176000.0,86870000.0,1429046000.0,747108000.0,,914170000.0,766841000.0,,102724000.0,1681011000.0,519635000.0,2200646000.0,2200646000.0,653043000.0,653043000.0,-231932000.0,205296000.0,,,,-63323000.0,0.0,,-231932000.0,205296000.0,,,653043000.0,,102724000.0,102724000.0,PLD,2024-12-31 00:00:00,32201000.0,94065000.0,,7673000.0,,,656444000.0,656444000.0,,,,0.0,,,,,,,1474000.0,,,,,
,2070482.537051,0.063527,1534369000.0,592953000.0,652058000.0,549094000.0,1566961000.0,914903000.0,562431482.537051,592953000.0,1325502000.0,878413000.0,956080000.0,927338000.0,0.63,0.64,606492000.0,591501000.0,592953000.0,639520000.0,639520000.0,43383000.0,682903000.0,100491000.0,,814163000.0,776408000.0,,114701000.0,1590571000.0,549094000.0,2139665000.0,2139665000.0,32592000.0,32592000.0,-232000000.0,232000000.0,,,,-46567000.0,0.0,,-232000000.0,232000000.0,,,32592000.0,,114701000.0,114701000.0,PLD,2025-03-31 00:00:00,14991000.0,67899000.0,,9649000.0,,,652058000.0,652058000.0,,,,,,,,,,,1452000.0,,,,,
,-2367217.647578,0.036247,1620104000.0,571229000.0,657221000.0,552880000.0,1554796000.0,897575000.0,634169782.352422,571229000.0,1328678000.0,912712000.0,955882000.0,928476000.0,0.61,0.61,583660000.0,569724000.0,571229000.0,622304000.0,622304000.0,23405000.0,645709000.0,42384000.0,,855191000.0,775798000.0,,106871000.0,1630989000.0,552880000.0,2183869000.0,2183869000.0,-65308000.0,-65308000.0,-251866000.0,251866000.0,,,,-51075000.0,0.0,,-251866000.0,251866000.0,,,-65308000.0,,106871000.0,106871000.0,PLD,2025-06-30 00:00:00,13936000.0,107692000.0,,11706000.0,,,657221000.0,657221000.0,,,,,,,,,,,1505000.0,,,,,
,41846.25366,0.003965,869309000.0,518127000.0,283342000.0,301044000.0,879862000.0,596520000.0,507615846.25366,518127000.0,610966000.0,,176009000.0,175469000.0,2.66,2.67,468366000.0,468366000.0,518127000.0,521209000.0,521209000.0,2075000.0,523284000.0,21312000.0,4279000.0,562245000.0,309922000.0,,26580000.0,872167000.0,301044000.0,1173211000.0,1173211000.0,10553000.0,10553000.0,-60273000.0,73236000.0,12963000.0,,1088000.0,-3082000.0,-2907000.0,2907000.0,-60273000.0,73236000.0,12963000.0,,13460000.0,,26580000.0,19808000.0,PSA,2024-06-30 00:00:00,,6480000.0,,,,,283342000.0,283342000.0,,,,,,,6772000.0,,,,48673000.0,,,,,
,-399342.415944,0.005711,860135000.0,430329000.0,280330000.0,321700000.0,790213000.0,509883000.0,499851657.584056,430329000.0,628244000.0,,175866000.0,175043000.0,2.16,2.17,380712000.0,380712000.0,430329000.0,433143000.0,433143000.0,2488000.0,435631000.0,-61866000.0,5168000.0,559514000.0,306544000.0,,26214000.0,866058000.0,321700000.0,1187758000.0,1187758000.0,-69922000.0,-69922000.0,-62017000.0,74252000.0,12235000.0,,939000.0,-2814000.0,-2530000.0,2530000.0,-62017000.0,74252000.0,12235000.0,,-67392000.0,,26214000.0,19097000.0,PSA,2024-09-30 00:00:00,,2888000.0,,,,,280330000.0,280330000.0,,,,,,,7117000.0,,,,48678000.0,,,,,
,24401160.0,0.21,853818000.0,614607000.0,280891000.0,310774000.0,970014000.0,689123000.0,522812160.0,614607000.0,624212000.0,,175934000.0,175198000.0,3.21,3.22,564398000.0,564398000.0,614607000.0,618361000.0,618361000.0,-1373000.0,616988000.0,125087000.0,4528000.0,553215000.0,313438000.0,,32547000.0,866653000.0,310774000.0,1177427000.0,1177427000.0,116196000.0,116196000.0,-61314000.0,72135000.0,10821000.0,,1535000.0,-3754000.0,-6352000.0,6352000.0,-61314000.0,72135000.0,10821000.0,,122548000.0,,32547000.0,23766000.0,PSA,2024-12-31 00:00:00,,4363000.0,,,,,280891000.0,280891000.0,,,,,,,8781000.0,,,,48674000.0,,,,,
,-266182.607704,0.003459,843887000.0,407791000.0,282715000.0,331847000.0,766941000.0,484226000.0,484470817.392296,407791000.0,639746000.0,,175942000.0,175419000.0,2.04,2.04,358230000.0,358230000.0,407791000.0,410791000.0,410791000.0,1426000.0,412217000.0,-67119000.0,6200000.0,543438000.0,307899000.0,,25184000.0,851337000.0,331847000.0,1183184000.0,1183184000.0,-76946000.0,-76946000.0,-64102000.0,72009000.0,7907000.0,,883000.0,-3000000.0,-7423000.0,7423000.0,-64102000.0,72009000.0,7907000.0,,-69523000.0,,25184000.0,19221000.0,PSA,2025-03-31 00:00:00,,3627000.0,,,,,282715000.0,282715000.0,,,,,,,5963000.0,,,,48678000.0,,,,,
,-1336095.389839,0.008885,869849000.0,358419000.0,283216000.0,318005000.0,719476000.0,436260000.0,507455904.610161,358419000.0,625935000.0,,175921000.0,175442000.0,1.76,1.76,308968000.0,308968000.0,358419000.0,361411000.0,361411000.0,3240000.0,364651000.0,-147021000.0,5582000.0,575159000.0,307930000.0,,24714000.0,883089000.0,318005000.0,1201094000.0,1201094000.0,-150373000.0,-150373000.0,-63487000.0,71609000.0,8122000.0,,778000.0,-2992000.0,-3551000.0,3551000.0,-63487000.0,71609000.0,8122000.0,,-146822000.0,,24714000.0,17655000.0,PSA,2025-06-30 00:00:00,,-2230000.0,,,,,283216000.0,283216000.0,,,,,,,7059000.0,,,,48673000.0,,,,,
,41846.25366,0.003965,869309000.0,518127000.0,283342000.0,301044000.0,879862000.0,596520000.0,507615846.25366,518127000.0,610966000.0,,176009000.0,175469000.0,2.66,2.67,468366000.0,468366000.0,518127000.0,521209000.0,521209000.0,2075000.0,523284000.0,21312000.0,4279000.0,562245000.0,309922000.0,,26580000.0,872167000.0,301044000.0,1173211000.0,1173211000.0,10553000.0,10553000.0,-60273000.0,73236000.0,12963000.0,,1088000.0,-3082000.0,-2907000.0,2907000.0,-60273000.0,73236000.0,12963000.0,,13460000.0,,26580000.0,19808000.0,PSA,2024-06-30 00:00:00,,6480000.0,,,,,283342000.0,283342000.0,,,,,,,6772000.0,,,,48673000.0,,,,,
,-399342.415944,0.005711,860135000.0,430329000.0,280330000.0,321700000.0,790213000.0,509883000.0,499851657.584056,430329000.0,628244000.0,,175866000.0,175043000.0,2.16,2.17,380712000.0,380712000.0,430329000.0,433143000.0,433143000.0,2488000.0,435631000.0,-61866000.0,5168000.0,559514000.0,306544000.0,,26214000.0,866058000.0,321700000.0,1187758000.0,1187758000.0,-69922000.0,-69922000.0,-62017000.0,74252000.0,12235000.0,,939000.0,-2814000.0,-2530000.0,2530000.0,-62017000.0,74252000.0,12235000.0,,-67392000.0,,26214000.0,19097000.0,PSA,2024-09-30 00:00:00,,2888000.0,,,,,280330000.0,280330000.0,,,,,,,7117000.0,,,,48678000.0,,,,,
,24401160.0,0.21,853818000.0,614607000.0,280891000.0,310774000.0,970014000.0,689123000.0,522812160.0,614607000.0,624212000.0,,175934000.0,175198000.0,3.21,3.22,564398000.0,564398000.0,614607000.0,618361000.0,618361000.0,-1373000.0,616988000.0,125087000.0,4528000.0,553215000.0,313438000.0,,32547000.0,866653000.0,310774000.0,1177427000.0,1177427000.0,116196000.0,116196000.0,-61314000.0,72135000.0,10821000.0,,1535000.0,-3754000.0,-6352000.0,6352000.0,-61314000.0,72135000.0,10821000.0,,122548000.0,,32547000.0,23766000.0,PSA,2024-12-31 00:00:00,,4363000.0,,,,,280891000.0,280891000.0,,,,,,,8781000.0,,,,48674000.0,,,,,
,-266182.607704,0.003459,843887000.0,407791000.0,282715000.0,331847000.0,766941000.0,484226000.0,484470817.392296,407791000.0,639746000.0,,175942000.0,175419000.0,2.04,2.04,358230000.0,358230000.0,407791000.0,410791000.0,410791000.0,1426000.0,412217000.0,-67119000.0,6200000.0,543438000.0,307899000.0,,25184000.0,851337000.0,331847000.0,1183184000.0,1183184000.0,-76946000.0,-76946000.0,-64102000.0,72009000.0,7907000.0,,883000.0,-3000000.0,-7423000.0,7423000.0,-64102000.0,72009000.0,7907000.0,,-69523000.0,,25184000.0,19221000.0,PSA,2025-03-31 00:00:00,,3627000.0,,,,,282715000.0,282715000.0,,,,,,,5963000.0,,,,48678000.0,,,,,
,-1336095.389839,0.008885,869849000.0,358419000.0,283216000.0,318005000.0,719476000.0,436260000.0,507455904.610161,358419000.0,625935000.0,,175921000.0,175442000.0,1.76,1.76,308968000.0,308968000.0,358419000.0,361411000.0,361411000.0,3240000.0,364651000.0,-147021000.0,5582000.0,575159000.0,307930000.0,,24714000.0,883089000.0,318005000.0,1201094000.0,1201094000.0,-150373000.0,-150373000.0,-63487000.0,71609000.0,8122000.0,,778000.0,-2992000.0,-3551000.0,3551000.0,-63487000.0,71609000.0,8122000.0,,-146822000.0,,24714000.0,17655000.0,PSA,2025-06-30 00:00:00,,-2230000.0,,,,,283216000.0,283216000.0,,,,,,,7059000.0,,,,48673000.0,,,,,
,,,,,,,,,,,,,82478590.0,82478590.0,-0.08,-0.08,,,,,,,,,,,,,,,,,,,,,,,,,,,,,,,,,,,,QUBT,2024-03-31 00:00:00,,,,,,,,,,,,,,,,,,,,,,,,
,0.0,0.0,-4219000.0,-5194000.0,975000.0,125000.0,-4219000.0,-5194000.0,-5194000.0,-5194000.0,5450000.0,-5267000.0,93550000.0,93550000.0,-0.06,-0.06,-5194000.0,-5194000.0,-5194000.0,-5194000.0,-5194000.0,0.0,-5194000.0,,,-5267000.0,5325000.0,2094000.0,3231000.0,58000.0,125000.0,183000.0,183000.0,,,73000.0,0.0,73000.0,,,,,,73000.0,0.0,73000.0,,,429000.0,2802000.0,2802000.0,QUBT,2024-06-30 00:00:00,,,,,,,,,,,,,,,,,,,,,,,,
,0.0,0.0,-4645000.0,-5675000.0,723000.0,92000.0,-4645000.0,-5368000.0,-5675000.0,-5675000.0,5539000.0,-5438000.0,93048000.0,93048000.0,-0.06,-0.06,-5675000.0,-5675000.0,-5675000.0,-5675000.0,-5675000.0,0.0,-5675000.0,,,-5438000.0,5447000.0,2244000.0,3203000.0,9000.0,92000.0,101000.0,101000.0,,,-237000.0,307000.0,70000.0,,,,,,-237000.0,307000.0,70000.0,,,363000.0,2840000.0,2840000.0,QUBT,2024-09-30 00:00:00,,,,,,,,,,,,,,,,,,,,,,,,
,0.0,0.0,-47947000.0,-51237000.0,1256000.0,28000.0,-47947000.0,-49203000.0,-51237000.0,-51237000.0,8976000.0,-8914000.0,,,,,-51237000.0,-51237000.0,-51237000.0,-51237000.0,-51237000.0,0.0,-51237000.0,,,-8914000.0,8948000.0,4758000.0,4190000.0,34000.0,28000.0,62000.0,62000.0,,,-1791000.0,2034000.0,243000.0,,,,,,-1791000.0,2034000.0,243000.0,,,575000.0,3615000.0,3615000.0,QUBT,2024-12-31 00:00:00,,,,,,,,,,,,,,,,,,,,,,,,
,0.0,0.0,-5615000.0,16982000.0,975000.0,26000.0,18015000.0,17040000.0,-6648000.0,16982000.0,8325000.0,-8286000.0,153006000.0,135217000.0,0.11,0.13,16982000.0,16982000.0,16982000.0,16982000.0,16982000.0,0.0,16982000.0,23630000.0,,-8286000.0,8299000.0,2985000.0,5314000.0,13000.0,26000.0,39000.0,39000.0,23630000.0,23630000.0,1638000.0,58000.0,1696000.0,,,,,,1638000.0,58000.0,1696000.0,,23630000.0,672000.0,4642000.0,4642000.0,QUBT,2025-03-31 00:00:00,,,,,,,,,,,,,,,,,,,,,,,,
,0.0,0.0,-7219000.0,-36482000.0,1109000.0,35000.0,-35315000.0,-36424000.0,-8386000.0,-36482000.0,10232000.0,-10171000.0,141401000.0,141401000.0,-0.26,-0.26,-36482000.0,-36482000.0,-36482000.0,-36482000.0,-36482000.0,0.0,-36482000.0,-28096000.0,,-10171000.0,10197000.0,5975000.0,4222000.0,26000.0,35000.0,61000.0,61000.0,-28096000.0,-28096000.0,1785000.0,58000.0,1843000.0,,,,,,1785000.0,58000.0,1843000.0,,-28096000.0,680000.0,3542000.0,3542000.0,QUBT,2025-06-30 00:00:00,,,,,,,,,,,,,,,,,,,,,,,,
,,,,,,,,,,,,,82478590.0,82478590.0,-0.08,-0.08,,,,,,,,,,,,,,,,,,,,,,,,,,,,,,,,,,,,QUBT,2024-03-31 00:00:00,,,,,,,,,,,,,,,,,,,,,,,,
,0.0,0.0,-4219000.0,-5194000.0,975000.0,125000.0,-4219000.0,-5194000.0,-5194000.0,-5194000.0,5450000.0,-5267000.0,93550000.0,93550000.0,-0.06,-0.06,-5194000.0,-5194000.0,-5194000.0,-5194000.0,-5194000.0,0.0,-5194000.0,,,-5267000.0,5325000.0,2094000.0,3231000.0,58000.0,125000.0,183000.0,183000.0,,,73000.0,0.0,73000.0,,,,,,73000.0,0.0,73000.0,,,429000.0,2802000.0,2802000.0,QUBT,2024-06-30 00:00:00,,,,,,,,,,,,,,,,,,,,,,,,
,0.0,0.0,-4645000.0,-5675000.0,723000.0,92000.0,-4645000.0,-5368000.0,-5675000.0,-5675000.0,5539000.0,-5438000.0,93048000.0,93048000.0,-0.06,-0.06,-5675000.0,-5675000.0,-5675000.0,-5675000.0,-5675000.0,0.0,-5675000.0,,,-5438000.0,5447000.0,2244000.0,3203000.0,9000.0,92000.0,101000.0,101000.0,,,-237000.0,307000.0,70000.0,,,,,,-237000.0,307000.0,70000.0,,,363000.0,2840000.0,2840000.0,QUBT,2024-09-30 00:00:00,,,,,,,,,,,,,,,,,,,,,,,,
,0.0,0.0,-47947000.0,-51237000.0,1256000.0,28000.0,-47947000.0,-49203000.0,-51237000.0,-51237000.0,8976000.0,-8914000.0,,,,,-51237000.0,-51237000.0,-51237000.0,-51237000.0,-51237000.0,0.0,-51237000.0,,,-8914000.0,8948000.0,4758000.0,4190000.0,34000.0,28000.0,62000.0,62000.0,,,-1791000.0,2034000.0,243000.0,,,,,,-1791000.0,2034000.0,243000.0,,,575000.0,3615000.0,3615000.0,QUBT,2024-12-31 00:00:00,,,,,,,,,,,,,,,,,,,,,,,,
,0.0,0.0,-5615000.0,16982000.0,975000.0,26000.0,18015000.0,17040000.0,-6648000.0,16982000.0,8325000.0,-8286000.0,153006000.0,135217000.0,0.11,0.13,16982000.0,16982000.0,16982000.0,16982000.0,16982000.0,0.0,16982000.0,23630000.0,,-8286000.0,8299000.0,2985000.0,5314000.0,13000.0,26000.0,39000.0,39000.0,23630000.0,23630000.0,1638000.0,58000.0,1696000.0,,,,,,1638000.0,58000.0,1696000.0,,23630000.0,672000.0,4642000.0,4642000.0,QUBT,2025-03-31 00:00:00,,,,,,,,,,,,,,,,,,,,,,,,
,0.0,0.0,-7219000.0,-36482000.0,1109000.0,35000.0,-35315000.0,-36424000.0,-8386000.0,-36482000.0,10232000.0,-10171000.0,141401000.0,141401000.0,-0.26,-0.26,-36482000.0,-36482000.0,-36482000.0,-36482000.0,-36482000.0,0.0,-36482000.0,-28096000.0,,-10171000.0,10197000.0,5975000.0,4222000.0,26000.0,35000.0,61000.0,61000.0,-28096000.0,-28096000.0,1785000.0,58000.0,1843000.0,,,,,,1785000.0,58000.0,1843000.0,,-28096000.0,680000.0,3542000.0,3542000.0,QUBT,2025-06-30 00:00:00,,,,,,,,,,,,,,,,,,,,,,,,
,0.0,0.0,-13320000.0,-12421000.0,1547000.0,1096000.0,-9905000.0,-11452000.0,-15836000.0,-12421000.0,19171000.0,-16085000.0,171903000.0,171903000.0,-0.07,-0.07,-12421000.0,-12421000.0,-12421000.0,-12421000.0,-12421000.0,0.0,-12421000.0,3415000.0,,-16085000.0,18075000.0,11870000.0,6205000.0,1990000.0,1096000.0,3086000.0,3086000.0,3415000.0,3415000.0,249000.0,969000.0,1218000.0,,,,1315000.0,-1315000.0,249000.0,969000.0,1218000.0,,2100000.0,,,,RGTI,2024-06-30 00:00:00,0.0,,,,,,,,,,,,,,,,,,,,,,,
,0.0,0.0,-14299000.0,-14833000.0,1821000.0,1174000.0,-12279000.0,-14100000.0,-16853000.0,-14833000.0,19724000.0,-17346000.0,188389000.0,188389000.0,-0.08,-0.08,-14833000.0,-14833000.0,-14833000.0,-14833000.0,-14833000.0,0.0,-14833000.0,2020000.0,,-17346000.0,18550000.0,12752000.0,5798000.0,1204000.0,1174000.0,2378000.0,2378000.0,2020000.0,2020000.0,493000.0,733000.0,1226000.0,,,,820000.0,-820000.0,493000.0,733000.0,1226000.0,,1200000.0,,,,RGTI,2024-09-30 00:00:00,,,,,,,,,,,,,,,,,,,,,,,,
,0.0,0.0,-15197000.0,-152961000.0,1751000.0,1271000.0,-150764000.0,-152515000.0,-17394000.0,-152961000.0,20768000.0,-18494000.0,226364000.0,226364000.0,-0.68,-0.68,-152961000.0,-152961000.0,-152961000.0,-152961000.0,-152961000.0,0.0,-152961000.0,-135567000.0,,-18494000.0,19497000.0,13657000.0,5840000.0,1003000.0,1271000.0,2274000.0,2274000.0,-135567000.0,-135567000.0,1100000.0,446000.0,1546000.0,,,,-44682000.0,44256000.0,1100000.0,446000.0,1546000.0,,-90885000.0,,,,RGTI,2024-12-31 00:00:00,,,,,,,,,,,,,,,,,,,,,,,,
,0.0,0.0,-17651000.0,42619000.0,1829000.0,1030000.0,44448000.0,42619000.0,-19480000.0,42619000.0,23104000.0,-21632000.0,301595000.0,284698000.0,0.13,0.15,42619000.0,42619000.0,42619000.0,42619000.0,42619000.0,0.0,42619000.0,62099000.0,,-21632000.0,22074000.0,15455000.0,6619000.0,442000.0,1030000.0,1472000.0,1472000.0,62099000.0,62099000.0,2152000.0,0.0,2152000.0,,,,8837000.0,-8837000.0,2152000.0,0.0,2152000.0,,53262000.0,,,,RGTI,2025-03-31 00:00:00,,,,,,,,,,,,,,,,,,,,,,,,
,0.0,0.0,-14946000.0,-39654000.0,1894000.0,1235000.0,-37760000.0,-39654000.0,-16840000.0,-39654000.0,21683000.0,-19882000.0,298254000.0,298254000.0,-0.13,-0.13,-39654000.0,-39654000.0,-39654000.0,-39654000.0,-39654000.0,0.0,-39654000.0,-22814000.0,,-19882000.0,20448000.0,13522000.0,6926000.0,566000.0,1235000.0,1801000.0,1801000.0,-22814000.0,-22814000.0,3042000.0,0.0,3042000.0,,,,-2257000.0,2257000.0,3042000.0,0.0,3042000.0,,-20557000.0,,,,RGTI,2025-06-30 00:00:00,0.0,,,,,,,,,,,,,,,,,,,,,,,
,0.0,0.0,-13320000.0,-12421000.0,1547000.0,1096000.0,-9905000.0,-11452000.0,-15836000.0,-12421000.0,19171000.0,-16085000.0,171903000.0,171903000.0,-0.07,-0.07,-12421000.0,-12421000.0,-12421000.0,-12421000.0,-12421000.0,0.0,-12421000.0,3415000.0,,-16085000.0,18075000.0,11870000.0,6205000.0,1990000.0,1096000.0,3086000.0,3086000.0,3415000.0,3415000.0,249000.0,969000.0,1218000.0,,,,1315000.0,-1315000.0,249000.0,969000.0,1218000.0,,2100000.0,,,,RGTI,2024-06-30 00:00:00,0.0,,,,,,,,,,,,,,,,,,,,,,,
,0.0,0.0,-14299000.0,-14833000.0,1821000.0,1174000.0,-12279000.0,-14100000.0,-16853000.0,-14833000.0,19724000.0,-17346000.0,188389000.0,188389000.0,-0.08,-0.08,-14833000.0,-14833000.0,-14833000.0,-14833000.0,-14833000.0,0.0,-14833000.0,2020000.0,,-17346000.0,18550000.0,12752000.0,5798000.0,1204000.0,1174000.0,2378000.0,2378000.0,2020000.0,2020000.0,493000.0,733000.0,1226000.0,,,,820000.0,-820000.0,493000.0,733000.0,1226000.0,,1200000.0,,,,RGTI,2024-09-30 00:00:00,,,,,,,,,,,,,,,,,,,,,,,,
,0.0,0.0,-15197000.0,-152961000.0,1751000.0,1271000.0,-150764000.0,-152515000.0,-17394000.0,-152961000.0,20768000.0,-18494000.0,226364000.0,226364000.0,-0.68,-0.68,-152961000.0,-152961000.0,-152961000.0,-152961000.0,-152961000.0,0.0,-152961000.0,-135567000.0,,-18494000.0,19497000.0,13657000.0,5840000.0,1003000.0,1271000.0,2274000.0,2274000.0,-135567000.0,-135567000.0,1100000.0,446000.0,1546000.0,,,,-44682000.0,44256000.0,1100000.0,446000.0,1546000.0,,-90885000.0,,,,RGTI,2024-12-31 00:00:00,,,,,,,,,,,,,,,,,,,,,,,,
,0.0,0.0,-17651000.0,42619000.0,1829000.0,1030000.0,44448000.0,42619000.0,-19480000.0,42619000.0,23104000.0,-21632000.0,301595000.0,284698000.0,0.13,0.15,42619000.0,42619000.0,42619000.0,42619000.0,42619000.0,0.0,42619000.0,62099000.0,,-21632000.0,22074000.0,15455000.0,6619000.0,442000.0,1030000.0,1472000.0,1472000.0,62099000.0,62099000.0,2152000.0,0.0,2152000.0,,,,8837000.0,-8837000.0,2152000.0,0.0,2152000.0,,53262000.0,,,,RGTI,2025-03-31 00:00:00,,,,,,,,,,,,,,,,,,,,,,,,
,0.0,0.0,-14946000.0,-39654000.0,1894000.0,1235000.0,-37760000.0,-39654000.0,-16840000.0,-39654000.0,21683000.0,-19882000.0,298254000.0,298254000.0,-0.13,-0.13,-39654000.0,-39654000.0,-39654000.0,-39654000.0,-39654000.0,0.0,-39654000.0,-22814000.0,,-19882000.0,20448000.0,13522000.0,6926000.0,566000.0,1235000.0,1801000.0,1801000.0,-22814000.0,-22814000.0,3042000.0,0.0,3042000.0,,,,-2257000.0,2257000.0,3042000.0,0.0,3042000.0,,-20557000.0,,,,RGTI,2025-06-30 00:00:00,0.0,,,,,,,,,,,,,,,,,,,,,,,
,,,,,,,,,,,,,,,,,,,,,,,,,,,,,,,,,,0.0,0.0,,,,,,,0.0,0.0,,,,,,,,,SBUX,2024-03-31 00:00:00,,,,,,,,,,,,,,,,,,,,0.0,,,,
,0.0,0.248238,1953000000.0,1054800000.0,407400000.0,6543000000.0,1953000000.0,1545600000.0,1054800000.0,1054800000.0,7670300000.0,1517500000.0,1135800000.0,1132800000.0,0.93,0.93,1054800000.0,1054800000.0,1054800000.0,1055700000.0,1055700000.0,348600000.0,1404300000.0,73900000.0,,1443600000.0,1100300000.0,,576000000.0,2543900000.0,6570000000.0,9113900000.0,8645000000.0,0.0,0.0,-113200000.0,141300000.0,28100000.0,764300000.0,,-900000.0,0.0,0.0,-113200000.0,141300000.0,28100000.0,,,,576000000.0,576000000.0,SBUX,2024-06-30 00:00:00,,73900000.0,,143900000.0,,,380400000.0,380400000.0,,,,,,,,,,,,0.0,,,,
,0.0,0.237999,1735100000.0,909200000.0,401400000.0,6685800000.0,1735100000.0,1333700000.0,909200000.0,909200000.0,7870400000.0,1306900000.0,1137300000.0,1133500000.0,0.8,0.802206,909200000.0,909200000.0,909200000.0,909600000.0,909600000.0,284100000.0,1193700000.0,103400000.0,,1203500000.0,1178200000.0,,644700000.0,2381700000.0,6692200000.0,9073900000.0,8571500000.0,0.0,0.0,-113200000.0,140000000.0,26800000.0,799300000.0,,-400000.0,0.0,0.0,-113200000.0,140000000.0,26800000.0,,,,644700000.0,644700000.0,SBUX,2024-09-30 00:00:00,,103400000.0,,138500000.0,,,395000000.0,395000000.0,,,,,,,,,,,,0.0,,,,
,0.0,0.236,1581700000.0,780800000.0,432200000.0,7072100000.0,1581700000.0,1149500000.0,780800000.0,780800000.0,8322600000.0,1121700000.0,1138400000.0,1135800000.0,0.687445,0.687445,780800000.0,780800000.0,780800000.0,780900000.0,780900000.0,241400000.0,1022300000.0,46500000.0,,1075200000.0,1225900000.0,,665800000.0,2301100000.0,7096700000.0,9397800000.0,8921000000.0,,,-99400000.0,127200000.0,27800000.0,802100000.0,,-100000.0,,,-99400000.0,127200000.0,27800000.0,,,,665800000.0,665800000.0,SBUX,2024-12-31 00:00:00,,46500000.0,,152500000.0,,,407600000.0,407600000.0,,,,,,,,,,,,,,,,
,-27307000.0,0.235,1180900000.0,384200000.0,435300000.0,6897200000.0,1064700000.0,629400000.0,473093000.0,384200000.0,8103500000.0,601000000.0,1140000000.0,1136200000.0,0.338145,0.338145,384200000.0,384200000.0,384200000.0,384100000.0,384100000.0,118000000.0,502100000.0,-57100000.0,,658100000.0,1189900000.0,,632300000.0,1848000000.0,6913600000.0,8761600000.0,8301000000.0,-116200000.0,-116200000.0,-98900000.0,127300000.0,28400000.0,807200000.0,,100000.0,-116200000.0,116200000.0,-98900000.0,127300000.0,28400000.0,,,,632300000.0,632300000.0,SBUX,2025-03-31 00:00:00,,59100000.0,,138700000.0,,,418900000.0,418900000.0,,,,,,,,,,,,,,,,
,-6614140.920747,0.317988,1430000000.0,558300000.0,448000000.0,7279900000.0,1409200000.0,961200000.0,572485859.079253,558300000.0,8556700000.0,935600000.0,1139800000.0,1136500000.0,0.49,0.491245,558300000.0,558300000.0,558300000.0,558500000.0,558500000.0,260400000.0,818900000.0,36300000.0,,899300000.0,1256400000.0,,677200000.0,2155700000.0,7300300000.0,9456000000.0,8918100000.0,-20800000.0,-20800000.0,-116700000.0,142300000.0,25600000.0,828600000.0,,-200000.0,-20800000.0,20800000.0,-116700000.0,142300000.0,25600000.0,,,,677200000.0,677200000.0,SBUX,2025-06-30 00:00:00,,57100000.0,,151600000.0,,,427600000.0,427600000.0,,,,,,,,,,,,,,,,
,,,,,,,,,,,,,,,,,,,,,,,,,,,,,,,,,,0.0,0.0,,,,,,,0.0,0.0,,,,,,,,,SBUX,2024-03-31 00:00:00,,,,,,,,,,,,,,,,,,,,0.0,,,,
,0.0,0.248238,1953000000.0,1054800000.0,407400000.0,6543000000.0,1953000000.0,1545600000.0,1054800000.0,1054800000.0,7670300000.0,1517500000.0,1135800000.0,1132800000.0,0.93,0.93,1054800000.0,1054800000.0,1054800000.0,1055700000.0,1055700000.0,348600000.0,1404300000.0,73900000.0,,1443600000.0,1100300000.0,,576000000.0,2543900000.0,6570000000.0,9113900000.0,8645000000.0,0.0,0.0,-113200000.0,141300000.0,28100000.0,764300000.0,,-900000.0,0.0,0.0,-113200000.0,141300000.0,28100000.0,,,,576000000.0,576000000.0,SBUX,2024-06-30 00:00:00,,73900000.0,,143900000.0,,,380400000.0,380400000.0,,,,,,,,,,,,0.0,,,,
,0.0,0.237999,1735100000.0,909200000.0,401400000.0,6685800000.0,1735100000.0,1333700000.0,909200000.0,909200000.0,7870400000.0,1306900000.0,1137300000.0,1133500000.0,0.8,0.802206,909200000.0,909200000.0,909200000.0,909600000.0,909600000.0,284100000.0,1193700000.0,103400000.0,,1203500000.0,1178200000.0,,644700000.0,2381700000.0,6692200000.0,9073900000.0,8571500000.0,0.0,0.0,-113200000.0,140000000.0,26800000.0,799300000.0,,-400000.0,0.0,0.0,-113200000.0,140000000.0,26800000.0,,,,644700000.0,644700000.0,SBUX,2024-09-30 00:00:00,,103400000.0,,138500000.0,,,395000000.0,395000000.0,,,,,,,,,,,,0.0,,,,
,0.0,0.236,1581700000.0,780800000.0,432200000.0,7072100000.0,1581700000.0,1149500000.0,780800000.0,780800000.0,8322600000.0,1121700000.0,1138400000.0,1135800000.0,0.687445,0.687445,780800000.0,780800000.0,780800000.0,780900000.0,780900000.0,241400000.0,1022300000.0,46500000.0,,1075200000.0,1225900000.0,,665800000.0,2301100000.0,7096700000.0,9397800000.0,8921000000.0,,,-99400000.0,127200000.0,27800000.0,802100000.0,,-100000.0,,,-99400000.0,127200000.0,27800000.0,,,,665800000.0,665800000.0,SBUX,2024-12-31 00:00:00,,46500000.0,,152500000.0,,,407600000.0,407600000.0,,,,,,,,,,,,,,,,
,-27307000.0,0.235,1180900000.0,384200000.0,435300000.0,6897200000.0,1064700000.0,629400000.0,473093000.0,384200000.0,8103500000.0,601000000.0,1140000000.0,1136200000.0,0.338145,0.338145,384200000.0,384200000.0,384200000.0,384100000.0,384100000.0,118000000.0,502100000.0,-57100000.0,,658100000.0,1189900000.0,,632300000.0,1848000000.0,6913600000.0,8761600000.0,8301000000.0,-116200000.0,-116200000.0,-98900000.0,127300000.0,28400000.0,807200000.0,,100000.0,-116200000.0,116200000.0,-98900000.0,127300000.0,28400000.0,,,,632300000.0,632300000.0,SBUX,2025-03-31 00:00:00,,59100000.0,,138700000.0,,,418900000.0,418900000.0,,,,,,,,,,,,,,,,
,-6614140.920747,0.317988,1430000000.0,558300000.0,448000000.0,7279900000.0,1409200000.0,961200000.0,572485859.079253,558300000.0,8556700000.0,935600000.0,1139800000.0,1136500000.0,0.49,0.491245,558300000.0,558300000.0,558300000.0,558500000.0,558500000.0,260400000.0,818900000.0,36300000.0,,899300000.0,1256400000.0,,677200000.0,2155700000.0,7300300000.0,9456000000.0,8918100000.0,-20800000.0,-20800000.0,-116700000.0,142300000.0,25600000.0,828600000.0,,-200000.0,-20800000.0,20800000.0,-116700000.0,142300000.0,25600000.0,,,,677200000.0,677200000.0,SBUX,2025-06-30 00:00:00,,57100000.0,,151600000.0,,,427600000.0,427600000.0,,,,,,,,,,,,,,,,
,,,,,,,,,,,,,79585062.0,79585062.0,-0.21,-0.21,,,,,,,,,,,,,,,,,,-9045000.0,-9045000.0,,,,,,,,,,,,,-9045000.0,,,,SMR,2024-03-31 00:00:00,,,,,,,,,,,,,,,,,,,,,,,,
,0.0,0.0,-4698000.0,-27617000.0,447000.0,850000.0,-41431000.0,-41878000.0,9116000.0,-27617000.0,42845000.0,-41878000.0,89553679.0,89553679.0,-0.31,-0.31,-27617000.0,-27617000.0,-27617000.0,-74438000.0,-74438000.0,0.0,-74438000.0,-34285000.0,2448000.0,-41878000.0,41995000.0,12132000.0,16827000.0,117000.0,850000.0,967000.0,918000.0,-36733000.0,-36733000.0,1725000.0,,1725000.0,,,46821000.0,,,1725000.0,,1725000.0,,-36733000.0,,16827000.0,16827000.0,SMR,2024-06-30 00:00:00,,,,13036000.0,,,,,,,,,,,,,,,,,,,,
,0.0,0.0,-33390000.0,-17459000.0,438000.0,295000.0,-40581000.0,-41019000.0,-10268000.0,-17459000.0,41494000.0,-41019000.0,95197500.0,95197500.0,-0.18,-0.18,-17459000.0,-17459000.0,-17459000.0,-45554000.0,-45554000.0,12000.0,-45542000.0,-6531000.0,660000.0,-41019000.0,41199000.0,12160000.0,17021000.0,180000.0,295000.0,475000.0,475000.0,-7191000.0,-7191000.0,2008000.0,,2008000.0,,,28095000.0,,,2008000.0,,2008000.0,,-7191000.0,,17021000.0,17021000.0,SMR,2024-09-30 00:00:00,,,,12018000.0,,,,,,,,,,,,,,,,,,,,
,-35706300.0,0.21,158598000.0,-74975000.0,423000.0,3057000.0,-11432000.0,-11855000.0,59348700.0,-74975000.0,46079000.0,-11855000.0,,,,,-74975000.0,-74975000.0,-74975000.0,-180315000.0,-180315000.0,1923000.0,-178392000.0,-169650000.0,380000.0,-11855000.0,43022000.0,9370000.0,22694000.0,31167000.0,3057000.0,34224000.0,34224000.0,-170030000.0,-170030000.0,3113000.0,,3113000.0,,,105340000.0,,,3113000.0,,3113000.0,,-170030000.0,,22694000.0,22694000.0,SMR,2024-12-31 00:00:00,,,,10958000.0,,,,,,,,,,,,,,,,,,,,
,0.0,0.0,-35014000.0,-14005000.0,313000.0,6373000.0,-35014000.0,-35327000.0,-14005000.0,-14005000.0,48702000.0,-35327000.0,127718255.0,127718255.0,-0.11,-0.11,-14005000.0,-14005000.0,-14005000.0,-30395000.0,-30395000.0,342000.0,-30053000.0,63000.0,63000.0,-35327000.0,42329000.0,9131000.0,23264000.0,7002000.0,6373000.0,13375000.0,13375000.0,,,5211000.0,,5211000.0,,,16390000.0,,,5211000.0,,5211000.0,,,,23264000.0,23264000.0,SMR,2025-03-31 00:00:00,,,,9934000.0,,,,,,,,,,,,,,,,,,,,
,0.0,0.0,-42777000.0,-17641000.0,305000.0,6273000.0,-42777000.0,-43082000.0,-17641000.0,-17641000.0,51136000.0,-43082000.0,133417743.0,133417743.0,-0.13,-0.13,-17641000.0,-17641000.0,-17641000.0,-37609000.0,-37609000.0,0.0,-37609000.0,21000.0,21000.0,-43082000.0,44863000.0,11802000.0,22523000.0,1781000.0,6273000.0,8054000.0,7986000.0,,,5452000.0,,5452000.0,,,19968000.0,,,5452000.0,,5452000.0,,,,22523000.0,22523000.0,SMR,2025-06-30 00:00:00,,,,10538000.0,,,,,,,,,,,,,,,,,,,,
,,,,,,,,,,,,,79585062.0,79585062.0,-0.21,-0.21,,,,,,,,,,,,,,,,,,-9045000.0,-9045000.0,,,,,,,,,,,,,-9045000.0,,,,SMR,2024-03-31 00:00:00,,,,,,,,,,,,,,,,,,,,,,,,
,0.0,0.0,-4698000.0,-27617000.0,447000.0,850000.0,-41431000.0,-41878000.0,9116000.0,-27617000.0,42845000.0,-41878000.0,89553679.0,89553679.0,-0.31,-0.31,-27617000.0,-27617000.0,-27617000.0,-74438000.0,-74438000.0,0.0,-74438000.0,-34285000.0,2448000.0,-41878000.0,41995000.0,12132000.0,16827000.0,117000.0,850000.0,967000.0,918000.0,-36733000.0,-36733000.0,1725000.0,,1725000.0,,,46821000.0,,,1725000.0,,1725000.0,,-36733000.0,,16827000.0,16827000.0,SMR,2024-06-30 00:00:00,,,,13036000.0,,,,,,,,,,,,,,,,,,,,
,0.0,0.0,-33390000.0,-17459000.0,438000.0,295000.0,-40581000.0,-41019000.0,-10268000.0,-17459000.0,41494000.0,-41019000.0,95197500.0,95197500.0,-0.18,-0.18,-17459000.0,-17459000.0,-17459000.0,-45554000.0,-45554000.0,12000.0,-45542000.0,-6531000.0,660000.0,-41019000.0,41199000.0,12160000.0,17021000.0,180000.0,295000.0,475000.0,475000.0,-7191000.0,-7191000.0,2008000.0,,2008000.0,,,28095000.0,,,2008000.0,,2008000.0,,-7191000.0,,17021000.0,17021000.0,SMR,2024-09-30 00:00:00,,,,12018000.0,,,,,,,,,,,,,,,,,,,,
,-35706300.0,0.21,158598000.0,-74975000.0,423000.0,3057000.0,-11432000.0,-11855000.0,59348700.0,-74975000.0,46079000.0,-11855000.0,,,,,-74975000.0,-74975000.0,-74975000.0,-180315000.0,-180315000.0,1923000.0,-178392000.0,-169650000.0,380000.0,-11855000.0,43022000.0,9370000.0,22694000.0,31167000.0,3057000.0,34224000.0,34224000.0,-170030000.0,-170030000.0,3113000.0,,3113000.0,,,105340000.0,,,3113000.0,,3113000.0,,-170030000.0,,22694000.0,22694000.0,SMR,2024-12-31 00:00:00,,,,10958000.0,,,,,,,,,,,,,,,,,,,,
,0.0,0.0,-35014000.0,-14005000.0,313000.0,6373000.0,-35014000.0,-35327000.0,-14005000.0,-14005000.0,48702000.0,-35327000.0,127718255.0,127718255.0,-0.11,-0.11,-14005000.0,-14005000.0,-14005000.0,-30395000.0,-30395000.0,342000.0,-30053000.0,63000.0,63000.0,-35327000.0,42329000.0,9131000.0,23264000.0,7002000.0,6373000.0,13375000.0,13375000.0,,,5211000.0,,5211000.0,,,16390000.0,,,5211000.0,,5211000.0,,,,23264000.0,23264000.0,SMR,2025-03-31 00:00:00,,,,9934000.0,,,,,,,,,,,,,,,,,,,,
,0.0,0.0,-42777000.0,-17641000.0,305000.0,6273000.0,-42777000.0,-43082000.0,-17641000.0,-17641000.0,51136000.0,-43082000.0,133417743.0,133417743.0,-0.13,-0.13,-17641000.0,-17641000.0,-17641000.0,-37609000.0,-37609000.0,0.0,-37609000.0,21000.0,21000.0,-43082000.0,44863000.0,11802000.0,22523000.0,1781000.0,6273000.0,8054000.0,7986000.0,,,5452000.0,,5452000.0,,,19968000.0,,,5452000.0,,5452000.0,,,,22523000.0,22523000.0,SMR,2025-06-30 00:00:00,,,,10538000.0,,,,,,,,,,,,,,,,,,,,
,,,,,,,,,,,,,,,,,,,,,,,,,,,,,,,,,,,,,,,,-42000000.0,,,,,,,,,,,,TSLA,2024-03-31 00:00:00,,,,,,,,,,,,,,,,,,,,,,,,
,-130620000.0,0.21,3773000000.0,1400000000.0,1278000000.0,20922000000.0,3151000000.0,1873000000.0,1891380000.0,1400000000.0,23273000000.0,1605000000.0,3481000000.0,3191000000.0,0.42,0.46,1400000000.0,1400000000.0,1400000000.0,1416000000.0,1416000000.0,371000000.0,1787000000.0,-702000000.0,-80000000.0,2227000000.0,2351000000.0,1074000000.0,1277000000.0,4578000000.0,20922000000.0,25500000000.0,25500000000.0,-622000000.0,-622000000.0,262000000.0,86000000.0,348000000.0,245000000.0,,-16000000.0,-622000000.0,622000000.0,262000000.0,86000000.0,348000000.0,,,,,,TSLA,2024-06-30 00:00:00,,,,,,,,,,,,,,,,,,,,,,,,
,-12100000.0,0.22,4279000000.0,2167000000.0,1348000000.0,20185000000.0,4224000000.0,2876000000.0,2209900000.0,2167000000.0,22410000000.0,2717000000.0,3497000000.0,3198000000.0,0.62,0.68,2167000000.0,2167000000.0,2167000000.0,2183000000.0,2183000000.0,601000000.0,2784000000.0,-325000000.0,-270000000.0,2772000000.0,2225000000.0,1039000000.0,1186000000.0,4997000000.0,20185000000.0,25182000000.0,25182000000.0,-55000000.0,-55000000.0,337000000.0,92000000.0,429000000.0,247000000.0,0.0,-16000000.0,-55000000.0,55000000.0,337000000.0,92000000.0,429000000.0,,,,,,TSLA,2024-09-30 00:00:00,,,,,,,,,,,,,,,,,,,,,,,,
,-1098336.948662,0.156905,4365000000.0,2314000000.0,1496000000.0,21528000000.0,4358000000.0,2862000000.0,2361901663.051338,2314000000.0,24117000000.0,1583000000.0,3517000000.0,3213000000.0,0.66,0.72,2314000000.0,2314000000.0,2314000000.0,2332000000.0,2332000000.0,434000000.0,2766000000.0,830000000.0,837000000.0,1590000000.0,2589000000.0,1276000000.0,1313000000.0,4179000000.0,21528000000.0,25707000000.0,25707000000.0,-7000000.0,-7000000.0,346000000.0,96000000.0,442000000.0,242000000.0,,-18000000.0,-7000000.0,7000000.0,346000000.0,96000000.0,442000000.0,,,,,,TSLA,2024-12-31 00:00:00,,,,,,,,,,,,,,,,,,,,,,,,
,-27260000.0,0.29,2221000000.0,409000000.0,1447000000.0,16182000000.0,2127000000.0,680000000.0,475740000.0,409000000.0,18842000000.0,399000000.0,3521000000.0,3218000000.0,0.12,0.13,409000000.0,409000000.0,409000000.0,420000000.0,420000000.0,169000000.0,589000000.0,-213000000.0,-119000000.0,493000000.0,2660000000.0,1409000000.0,1251000000.0,3153000000.0,16182000000.0,19335000000.0,19335000000.0,-94000000.0,-94000000.0,309000000.0,91000000.0,400000000.0,239000000.0,0.0,-11000000.0,-94000000.0,94000000.0,309000000.0,91000000.0,400000000.0,,,,,,TSLA,2025-03-31 00:00:00,,,,,,,,,,,,,,,,,,,,,,,,
,0.0,0.23,3068000000.0,1172000000.0,1433000000.0,18618000000.0,3068000000.0,1635000000.0,1172000000.0,1172000000.0,21573000000.0,923000000.0,3519000000.0,3223000000.0,0.33,0.36,1172000000.0,1172000000.0,1172000000.0,1190000000.0,1190000000.0,359000000.0,1549000000.0,320000000.0,320000000.0,923000000.0,2955000000.0,1589000000.0,1366000000.0,3878000000.0,18618000000.0,22496000000.0,22496000000.0,0.0,0.0,306000000.0,86000000.0,392000000.0,228000000.0,,-18000000.0,0.0,0.0,306000000.0,86000000.0,392000000.0,,,,,,TSLA,2025-06-30 00:00:00,,,,,,,,,,,,,,,,,,,,,,,,
,,,,,,,,,,,,,,,,,,,,,,,,,,,,,,,,,,,,,,,,-42000000.0,,,,,,,,,,,,TSLA,2024-03-31,,,,,,,,,,,,,,,,,,,,,,,,
,,,,,,,,,,,,,,,,,,,,,,,,,,,,,,,,,,,,,,,,-42000000.0,,,,,,,,,,,,TSLA,2024-03-31 00:00:00,,,,,,,,,,,,,,,,,,,,,,,,
,-130620000.0,0.21,3773000000.0,1400000000.0,1278000000.0,20922000000.0,3151000000.0,1873000000.0,1891380000.0,1400000000.0,23273000000.0,1605000000.0,3481000000.0,3191000000.0,0.42,0.46,1400000000.0,1400000000.0,1400000000.0,1416000000.0,1416000000.0,371000000.0,1787000000.0,-702000000.0,-80000000.0,2227000000.0,2351000000.0,1074000000.0,1277000000.0,4578000000.0,20922000000.0,25500000000.0,25500000000.0,-622000000.0,-622000000.0,262000000.0,86000000.0,348000000.0,245000000.0,,-16000000.0,-622000000.0,622000000.0,262000000.0,86000000.0,348000000.0,,,,,,TSLA,2024-06-30,,,,,,,,,,,,,,,,,,,,,,,,
,-130620000.0,0.21,3773000000.0,1400000000.0,1278000000.0,20922000000.0,3151000000.0,1873000000.0,1891380000.0,1400000000.0,23273000000.0,1605000000.0,3481000000.0,3191000000.0,0.42,0.46,1400000000.0,1400000000.0,1400000000.0,1416000000.0,1416000000.0,371000000.0,1787000000.0,-702000000.0,-80000000.0,2227000000.0,2351000000.0,1074000000.0,1277000000.0,4578000000.0,20922000000.0,25500000000.0,25500000000.0,-622000000.0,-622000000.0,262000000.0,86000000.0,348000000.0,245000000.0,,-16000000.0,-622000000.0,622000000.0,262000000.0,86000000.0,348000000.0,,,,,,TSLA,2024-06-30 00:00:00,,,,,,,,,,,,,,,,,,,,,,,,
,-12100000.0,0.22,4279000000.0,2167000000.0,1348000000.0,20185000000.0,4224000000.0,2876000000.0,2209900000.0,2167000000.0,22410000000.0,2717000000.0,3497000000.0,3198000000.0,0.62,0.68,2167000000.0,2167000000.0,2167000000.0,2183000000.0,2183000000.0,601000000.0,2784000000.0,-325000000.0,-270000000.0,2772000000.0,2225000000.0,1039000000.0,1186000000.0,4997000000.0,20185000000.0,25182000000.0,25182000000.0,-55000000.0,-55000000.0,337000000.0,92000000.0,429000000.0,247000000.0,0.0,-16000000.0,-55000000.0,55000000.0,337000000.0,92000000.0,429000000.0,,,,,,TSLA,2024-09-30,,,,,,,,,,,,,,,,,,,,,,,,
,-12100000.0,0.22,4279000000.0,2167000000.0,1348000000.0,20185000000.0,4224000000.0,2876000000.0,2209900000.0,2167000000.0,22410000000.0,2717000000.0,3497000000.0,3198000000.0,0.62,0.68,2167000000.0,2167000000.0,2167000000.0,2183000000.0,2183000000.0,601000000.0,2784000000.0,-325000000.0,-270000000.0,2772000000.0,2225000000.0,1039000000.0,1186000000.0,4997000000.0,20185000000.0,25182000000.0,25182000000.0,-55000000.0,-55000000.0,337000000.0,92000000.0,429000000.0,247000000.0,0.0,-16000000.0,-55000000.0,55000000.0,337000000.0,92000000.0,429000000.0,,,,,,TSLA,2024-09-30 00:00:00,,,,,,,,,,,,,,,,,,,,,,,,
,-1098336.948662,0.156905,4365000000.0,2314000000.0,1496000000.0,21528000000.0,4358000000.0,2862000000.0,2361901663.051338,2314000000.0,24117000000.0,1583000000.0,3517000000.0,3213000000.0,0.66,0.72,2314000000.0,2314000000.0,2314000000.0,2332000000.0,2332000000.0,434000000.0,2766000000.0,830000000.0,837000000.0,1590000000.0,2589000000.0,1276000000.0,1313000000.0,4179000000.0,21528000000.0,25707000000.0,25707000000.0,-7000000.0,-7000000.0,346000000.0,96000000.0,442000000.0,242000000.0,,-18000000.0,-7000000.0,7000000.0,346000000.0,96000000.0,442000000.0,,,,,,TSLA,2024-12-31,,,,,,,,,,,,,,,,,,,,,,,,
,-1098336.948662,0.156905,4365000000.0,2314000000.0,1496000000.0,21528000000.0,4358000000.0,2862000000.0,2361901663.051338,2314000000.0,24117000000.0,1583000000.0,3517000000.0,3213000000.0,0.66,0.72,2314000000.0,2314000000.0,2314000000.0,2332000000.0,2332000000.0,434000000.0,2766000000.0,830000000.0,837000000.0,1590000000.0,2589000000.0,1276000000.0,1313000000.0,4179000000.0,21528000000.0,25707000000.0,25707000000.0,-7000000.0,-7000000.0,346000000.0,96000000.0,442000000.0,242000000.0,,-18000000.0,-7000000.0,7000000.0,346000000.0,96000000.0,442000000.0,,,,,,TSLA,2024-12-31 00:00:00,,,,,,,,,,,,,,,,,,,,,,,,
,-27260000.0,0.29,2221000000.0,409000000.0,1447000000.0,16182000000.0,2127000000.0,680000000.0,475740000.0,409000000.0,18842000000.0,399000000.0,3521000000.0,3218000000.0,0.12,0.13,409000000.0,409000000.0,409000000.0,420000000.0,420000000.0,169000000.0,589000000.0,-213000000.0,-119000000.0,493000000.0,2660000000.0,1409000000.0,1251000000.0,3153000000.0,16182000000.0,19335000000.0,19335000000.0,-94000000.0,-94000000.0,309000000.0,91000000.0,400000000.0,239000000.0,0.0,-11000000.0,-94000000.0,94000000.0,309000000.0,91000000.0,400000000.0,,,,,,TSLA,2025-03-31,,,,,,,,,,,,,,,,,,,,,,,,
,-27260000.0,0.29,2221000000.0,409000000.0,1447000000.0,16182000000.0,2127000000.0,680000000.0,475740000.0,409000000.0,18842000000.0,399000000.0,3521000000.0,3218000000.0,0.12,0.13,409000000.0,409000000.0,409000000.0,420000000.0,420000000.0,169000000.0,589000000.0,-213000000.0,-119000000.0,493000000.0,2660000000.0,1409000000.0,1251000000.0,3153000000.0,16182000000.0,19335000000.0,19335000000.0,-94000000.0,-94000000.0,309000000.0,91000000.0,400000000.0,239000000.0,0.0,-11000000.0,-94000000.0,94000000.0,309000000.0,91000000.0,400000000.0,,,,,,TSLA,2025-03-31 00:00:00,,,,,,,,,,,,,,,,,,,,,,,,
,0.0,0.23,3068000000.0,1172000000.0,1433000000.0,18618000000.0,3068000000.0,1635000000.0,1172000000.0,1172000000.0,21573000000.0,923000000.0,3519000000.0,3223000000.0,0.33,0.36,1172000000.0,1172000000.0,1172000000.0,1190000000.0,1190000000.0,359000000.0,1549000000.0,320000000.0,320000000.0,923000000.0,2955000000.0,1589000000.0,1366000000.0,3878000000.0,18618000000.0,22496000000.0,22496000000.0,0.0,0.0,306000000.0,86000000.0,392000000.0,228000000.0,,-18000000.0,0.0,0.0,306000000.0,86000000.0,392000000.0,,,,,,TSLA,2025-06-30,,,,,,,,,,,,,,,,,,,,,,,,
,0.0,0.23,3068000000.0,1172000000.0,1433000000.0,18618000000.0,3068000000.0,1635000000.0,1172000000.0,1172000000.0,21573000000.0,923000000.0,3519000000.0,3223000000.0,0.33,0.36,1172000000.0,1172000000.0,1172000000.0,1190000000.0,1190000000.0,359000000.0,1549000000.0,320000000.0,320000000.0,923000000.0,2955000000.0,1589000000.0,1366000000.0,3878000000.0,18618000000.0,22496000000.0,22496000000.0,0.0,0.0,306000000.0,86000000.0,392000000.0,228000000.0,,-18000000.0,0.0,0.0,306000000.0,86000000.0,392000000.0,,,,,,TSLA,2025-06-30 00:00:00,,,,,,,,,,,,,,,,,,,,,,,,
2024-03-31,,,,,,,,,,,,,,,,,,,,,,,,,,,,,,,,,,,,,,,,-42000000.0,,,,,,,,,,,,TSLA,,,,,,,,,,,,,,,,,,,,,,,,,
,,,,,,,,,,,,,,,,,,,,,,,,,,,,,,,,,,,,,,,,,,,,,,,,1011000000.0,,,,UNH,2024-03-31 00:00:00,,,,,,,,,,,,,,,,,,,,,,,,
,-269500000.0,0.22,8895000000.0,4216000000.0,1020000000.0,76798000000.0,7670000000.0,6650000000.0,5171500000.0,4216000000.0,90980000000.0,7875000000.0,928000000.0,921000000.0,4.54,4.577633,4216000000.0,4216000000.0,4216000000.0,4421000000.0,4421000000.0,1244000000.0,5665000000.0,-1225000000.0,,7875000000.0,14182000000.0,,,22057000000.0,76798000000.0,98855000000.0,98855000000.0,-1225000000.0,-1225000000.0,-985000000.0,985000000.0,,,,-205000000.0,-1225000000.0,,-985000000.0,985000000.0,,,997000000.0,,,,UNH,2024-06-30 00:00:00,,,,13162000000.0,,,1020000000.0,1020000000.0,,,-1225000000.0,,,,,,,,,,,,,
,-3560000.0,0.178,9749000000.0,6055000000.0,1041000000.0,77791000000.0,9729000000.0,8688000000.0,6071440000.0,6055000000.0,92112000000.0,8708000000.0,930107527.0,930107527.0,6.51,6.51,6055000000.0,6055000000.0,6055000000.0,6258000000.0,6258000000.0,1356000000.0,7614000000.0,-20000000.0,,8708000000.0,14321000000.0,,,23029000000.0,77791000000.0,100820000000.0,100820000000.0,-20000000.0,-20000000.0,-1074000000.0,1074000000.0,,,,-203000000.0,-20000000.0,,-1074000000.0,1074000000.0,,,1643000000.0,,,,UNH,2024-09-30 00:00:00,,,,13280000000.0,,,1041000000.0,1041000000.0,,,-20000000.0,,,,,,,,,,,,,
,3113974.377853,0.148284,8814000000.0,5543000000.0,1041000000.0,79499000000.0,8835000000.0,7794000000.0,5525113974.377853,5543000000.0,93034000000.0,7773000000.0,927000000.0,915000000.0,5.98,6.057923,5543000000.0,5543000000.0,5543000000.0,5784000000.0,5784000000.0,1007000000.0,6791000000.0,21000000.0,,7773000000.0,13535000000.0,,,21308000000.0,79499000000.0,100807000000.0,100807000000.0,21000000.0,21000000.0,-1003000000.0,1003000000.0,,,,-241000000.0,21000000.0,,-1003000000.0,1003000000.0,,,,,,,UNH,2024-12-31 00:00:00,,,,12494000000.0,,,1041000000.0,1041000000.0,,,21000000.0,,,,,,,,,,,,,
,-3015000.0,0.201,10180000000.0,6292000000.0,1061000000.0,85801000000.0,10165000000.0,9104000000.0,6303985000.0,6292000000.0,100456000000.0,9119000000.0,918000000.0,910000000.0,6.85,6.914286,6292000000.0,6292000000.0,6292000000.0,6474000000.0,6474000000.0,1632000000.0,8106000000.0,-15000000.0,,9119000000.0,14655000000.0,,,23774000000.0,85801000000.0,109575000000.0,109575000000.0,-15000000.0,-15000000.0,-998000000.0,998000000.0,,,,-182000000.0,-15000000.0,,-998000000.0,998000000.0,,,,,,,UNH,2025-03-31 00:00:00,,,,13594000000.0,,,1061000000.0,1061000000.0,,,-15000000.0,,,,,,,,,,,,,
,-5125000.0,0.125,6234000000.0,3406000000.0,1084000000.0,91604000000.0,6193000000.0,5109000000.0,3441875000.0,3406000000.0,106466000000.0,5150000000.0,910000000.0,905000000.0,3.74,3.763536,3406000000.0,3406000000.0,3406000000.0,3572000000.0,3572000000.0,510000000.0,4082000000.0,-41000000.0,,5150000000.0,14862000000.0,,,20012000000.0,91604000000.0,111616000000.0,111616000000.0,-41000000.0,-41000000.0,-1027000000.0,1027000000.0,,,,-166000000.0,-41000000.0,,-1027000000.0,1027000000.0,,,,,,,UNH,2025-06-30 00:00:00,,,,13778000000.0,,,1084000000.0,1084000000.0,,,-41000000.0,,,,,,,,,,,,,
,,,,,,,,,,,,,,,,,,,,,,,,,,,,,,,,,,,,,,,,,,,,,,,,1011000000.0,,,,UNH,2024-03-31 00:00:00,,,,,,,,,,,,,,,,,,,,,,,,
,-269500000.0,0.22,8895000000.0,4216000000.0,1020000000.0,76798000000.0,7670000000.0,6650000000.0,5171500000.0,4216000000.0,90980000000.0,7875000000.0,928000000.0,921000000.0,4.54,4.577633,4216000000.0,4216000000.0,4216000000.0,4421000000.0,4421000000.0,1244000000.0,5665000000.0,-1225000000.0,,7875000000.0,14182000000.0,,,22057000000.0,76798000000.0,98855000000.0,98855000000.0,-1225000000.0,-1225000000.0,-985000000.0,985000000.0,,,,-205000000.0,-1225000000.0,,-985000000.0,985000000.0,,,997000000.0,,,,UNH,2024-06-30 00:00:00,,,,13162000000.0,,,1020000000.0,1020000000.0,,,-1225000000.0,,,,,,,,,,,,,
,-3560000.0,0.178,9749000000.0,6055000000.0,1041000000.0,77791000000.0,9729000000.0,8688000000.0,6071440000.0,6055000000.0,92112000000.0,8708000000.0,930107527.0,930107527.0,6.51,6.51,6055000000.0,6055000000.0,6055000000.0,6258000000.0,6258000000.0,1356000000.0,7614000000.0,-20000000.0,,8708000000.0,14321000000.0,,,23029000000.0,77791000000.0,100820000000.0,100820000000.0,-20000000.0,-20000000.0,-1074000000.0,1074000000.0,,,,-203000000.0,-20000000.0,,-1074000000.0,1074000000.0,,,1643000000.0,,,,UNH,2024-09-30 00:00:00,,,,13280000000.0,,,1041000000.0,1041000000.0,,,-20000000.0,,,,,,,,,,,,,
,3113974.377853,0.148284,8814000000.0,5543000000.0,1041000000.0,79499000000.0,8835000000.0,7794000000.0,5525113974.377853,5543000000.0,93034000000.0,7773000000.0,927000000.0,915000000.0,5.98,6.057923,5543000000.0,5543000000.0,5543000000.0,5784000000.0,5784000000.0,1007000000.0,6791000000.0,21000000.0,,7773000000.0,13535000000.0,,,21308000000.0,79499000000.0,100807000000.0,100807000000.0,21000000.0,21000000.0,-1003000000.0,1003000000.0,,,,-241000000.0,21000000.0,,-1003000000.0,1003000000.0,,,,,,,UNH,2024-12-31 00:00:00,,,,12494000000.0,,,1041000000.0,1041000000.0,,,21000000.0,,,,,,,,,,,,,
,-3015000.0,0.201,10180000000.0,6292000000.0,1061000000.0,85801000000.0,10165000000.0,9104000000.0,6303985000.0,6292000000.0,100456000000.0,9119000000.0,918000000.0,910000000.0,6.85,6.914286,6292000000.0,6292000000.0,6292000000.0,6474000000.0,6474000000.0,1632000000.0,8106000000.0,-15000000.0,,9119000000.0,14655000000.0,,,23774000000.0,85801000000.0,109575000000.0,109575000000.0,-15000000.0,-15000000.0,-998000000.0,998000000.0,,,,-182000000.0,-15000000.0,,-998000000.0,998000000.0,,,,,,,UNH,2025-03-31 00:00:00,,,,13594000000.0,,,1061000000.0,1061000000.0,,,-15000000.0,,,,,,,,,,,,,
,-5125000.0,0.125,6234000000.0,3406000000.0,1084000000.0,91604000000.0,6193000000.0,5109000000.0,3441875000.0,3406000000.0,106466000000.0,5150000000.0,910000000.0,905000000.0,3.74,3.763536,3406000000.0,3406000000.0,3406000000.0,3572000000.0,3572000000.0,510000000.0,4082000000.0,-41000000.0,,5150000000.0,14862000000.0,,,20012000000.0,91604000000.0,111616000000.0,111616000000.0,-41000000.0,-41000000.0,-1027000000.0,1027000000.0,,,,-166000000.0,-41000000.0,,-1027000000.0,1027000000.0,,,,,,,UNH,2025-06-30 00:00:00,,,,13778000000.0,,,1084000000.0,1084000000.0,,,-41000000.0,,,,,,,,,,,,,
,,,,,,,,,,,,,,,,,,,,,,,,,0.0,,,,,,,,,,,,,,,,,,,,,,,,,,,UROY,2024-04-30 00:00:00,,,,,,,,,,,,,,,,,,,,,,,,
,-10500.0,0.15,-1947000.0,-2158000.0,14000.0,0.0,-2017000.0,-2031000.0,-2098500.0,-2158000.0,2200000.0,-2200000.0,120817067.0,120817067.0,-0.02,-0.02,-2158000.0,-2158000.0,-2158000.0,-2158000.0,-2158000.0,122000.0,-2036000.0,-70000.0,,-2200000.0,2200000.0,,2074000.0,0.0,0.0,0.0,0.0,-70000.0,-70000.0,234000.0,5000.0,239000.0,,,,,,234000.0,5000.0,239000.0,,-70000.0,,2074000.0,1709000.0,UROY,2024-07-31 00:00:00,,,,126000.0,,,,,,,,,,,365000.0,,,,,,,,,
,-49650.0,0.15,-17000.0,-428000.0,44000.0,8028000.0,-348000.0,-392000.0,-146650.0,-428000.0,10781000.0,122000.0,121970820.0,121970820.0,0.0,0.0,-428000.0,-428000.0,-428000.0,-428000.0,-428000.0,32000.0,-396000.0,-331000.0,,122000.0,2753000.0,,2530000.0,2875000.0,8028000.0,10903000.0,10903000.0,-331000.0,-331000.0,-187000.0,4000.0,129000.0,,,,,,-187000.0,4000.0,129000.0,,-331000.0,,2530000.0,1940000.0,UROY,2024-10-31 00:00:00,,,,223000.0,312000.0,,,,,,,,,,590000.0,,,,,,,,,
,-42150.0,0.15,-1482000.0,-1911000.0,17000.0,4000.0,-1763000.0,-1780000.0,-1672150.0,-1911000.0,1752000.0,-1748000.0,130991063.0,130991063.0,-0.01,-0.01,-1911000.0,-1911000.0,-1911000.0,-1911000.0,-1911000.0,126000.0,-1785000.0,-57000.0,224000.0,-1748000.0,1748000.0,,1673000.0,0.0,4000.0,4000.0,4000.0,-281000.0,-281000.0,20000.0,5000.0,131000.0,,,,,,20000.0,5000.0,131000.0,,-281000.0,,1673000.0,1172000.0,UROY,2025-01-31 00:00:00,,,,75000.0,106000.0,,,,,,,,,,501000.0,,,,,,,,,
,-27450.0,0.15,-859000.0,-1157000.0,45000.0,4026000.0,-1042000.0,-1087000.0,-1001450.0,-1157000.0,5668000.0,-980000.0,,,,,-1157000.0,-1157000.0,-1157000.0,-1157000.0,-1157000.0,66000.0,-1091000.0,-183000.0,0.0,-980000.0,1642000.0,,1568000.0,662000.0,4026000.0,4688000.0,4688000.0,-183000.0,-183000.0,72000.0,4000.0,76000.0,,,,,,72000.0,4000.0,76000.0,,-183000.0,,1568000.0,1098000.0,UROY,2025-04-30 00:00:00,,,,74000.0,0.0,,,,,,,,,,470000.0,,,,,,,,,
,-253200.0,0.15,3214000.0,1525000.0,56000.0,27908000.0,1526000.0,1470000.0,2959800.0,1525000.0,30145000.0,3067000.0,133673277.0,133636271.0,0.01,0.01,1525000.0,1525000.0,1525000.0,1525000.0,1525000.0,-59000.0,1466000.0,-1688000.0,,3067000.0,2237000.0,,2059000.0,5304000.0,27908000.0,33212000.0,33212000.0,-1688000.0,-1688000.0,87000.0,4000.0,91000.0,,,,,,87000.0,4000.0,91000.0,,-1688000.0,,2059000.0,1641000.0,UROY,2025-07-31 00:00:00,,,,178000.0,,,,,,,,,,,418000.0,,,,,,,,,
,,,,,,,,,,,,,,,,,,,,,,,,,0.0,,,,,,,,,,,,,,,,,,,,,,,,,,,UROY,2024-04-30 00:00:00,,,,,,,,,,,,,,,,,,,,,,,,
,-10500.0,0.15,-1947000.0,-2158000.0,14000.0,0.0,-2017000.0,-2031000.0,-2098500.0,-2158000.0,2200000.0,-2200000.0,120817067.0,120817067.0,-0.02,-0.02,-2158000.0,-2158000.0,-2158000.0,-2158000.0,-2158000.0,122000.0,-2036000.0,-70000.0,,-2200000.0,2200000.0,,2074000.0,0.0,0.0,0.0,0.0,-70000.0,-70000.0,234000.0,5000.0,239000.0,,,,,,234000.0,5000.0,239000.0,,-70000.0,,2074000.0,1709000.0,UROY,2024-07-31 00:00:00,,,,126000.0,,,,,,,,,,,365000.0,,,,,,,,,
,-49650.0,0.15,-17000.0,-428000.0,44000.0,8028000.0,-348000.0,-392000.0,-146650.0,-428000.0,10781000.0,122000.0,121970820.0,121970820.0,0.0,0.0,-428000.0,-428000.0,-428000.0,-428000.0,-428000.0,32000.0,-396000.0,-331000.0,,122000.0,2753000.0,,2530000.0,2875000.0,8028000.0,10903000.0,10903000.0,-331000.0,-331000.0,-187000.0,4000.0,129000.0,,,,,,-187000.0,4000.0,129000.0,,-331000.0,,2530000.0,1940000.0,UROY,2024-10-31 00:00:00,,,,223000.0,312000.0,,,,,,,,,,590000.0,,,,,,,,,
,-42150.0,0.15,-1482000.0,-1911000.0,17000.0,4000.0,-1763000.0,-1780000.0,-1672150.0,-1911000.0,1752000.0,-1748000.0,130991063.0,130991063.0,-0.01,-0.01,-1911000.0,-1911000.0,-1911000.0,-1911000.0,-1911000.0,126000.0,-1785000.0,-57000.0,224000.0,-1748000.0,1748000.0,,1673000.0,0.0,4000.0,4000.0,4000.0,-281000.0,-281000.0,20000.0,5000.0,131000.0,,,,,,20000.0,5000.0,131000.0,,-281000.0,,1673000.0,1172000.0,UROY,2025-01-31 00:00:00,,,,75000.0,106000.0,,,,,,,,,,501000.0,,,,,,,,,
,-27450.0,0.15,-859000.0,-1157000.0,45000.0,4026000.0,-1042000.0,-1087000.0,-1001450.0,-1157000.0,5668000.0,-980000.0,,,,,-1157000.0,-1157000.0,-1157000.0,-1157000.0,-1157000.0,66000.0,-1091000.0,-183000.0,0.0,-980000.0,1642000.0,,1568000.0,662000.0,4026000.0,4688000.0,4688000.0,-183000.0,-183000.0,72000.0,4000.0,76000.0,,,,,,72000.0,4000.0,76000.0,,-183000.0,,1568000.0,1098000.0,UROY,2025-04-30 00:00:00,,,,74000.0,0.0,,,,,,,,,,470000.0,,,,,,,,,
,-253200.0,0.15,3214000.0,1525000.0,56000.0,27908000.0,1526000.0,1470000.0,2959800.0,1525000.0,30145000.0,3067000.0,133673277.0,133636271.0,0.01,0.01,1525000.0,1525000.0,1525000.0,1525000.0,1525000.0,-59000.0,1466000.0,-1688000.0,,3067000.0,2237000.0,,2059000.0,5304000.0,27908000.0,33212000.0,33212000.0,-1688000.0,-1688000.0,87000.0,4000.0,91000.0,,,,,,87000.0,4000.0,91000.0,,-1688000.0,,2059000.0,1641000.0,UROY,2025-07-31 00:00:00,,,,178000.0,,,,,,,,,,,418000.0,,,,,,,,,
,43643012.189013,0.186509,6215000000.0,4872000000.0,264000000.0,1773000000.0,6449000000.0,6185000000.0,4681643012.189013,4872000000.0,2949000000.0,5938000000.0,2029000000.0,1610000000.0,2.4,2.4,4872000000.0,4872000000.0,4872000000.0,4872000000.0,4872000000.0,1117000000.0,5989000000.0,234000000.0,,5951000000.0,1176000000.0,,912000000.0,7127000000.0,1773000000.0,8900000000.0,11650000000.0,234000000.0,234000000.0,-196000000.0,196000000.0,,,,,-13000000.0,,-196000000.0,196000000.0,,,247000000.0,378000000.0,534000000.0,534000000.0,V,2024-06-30 00:00:00,,,,,,,264000000.0,264000000.0,,,,13000000.0,,,,,,,,,,,,
,31262711.864407,0.165411,6633000000.0,5318000000.0,274000000.0,1817000000.0,6822000000.0,6548000000.0,5160262711.864407,5318000000.0,3258000000.0,6349000000.0,2003000000.0,1710000000.0,2.65,2.66,5318000000.0,5318000000.0,5318000000.0,5318000000.0,5318000000.0,1054000000.0,6372000000.0,189000000.0,,6359000000.0,1441000000.0,,1167000000.0,7800000000.0,1817000000.0,9617000000.0,12277000000.0,189000000.0,189000000.0,-176000000.0,176000000.0,,,,,-10000000.0,,-176000000.0,176000000.0,,,199000000.0,551000000.0,616000000.0,616000000.0,V,2024-09-30 00:00:00,,,,,,,274000000.0,274000000.0,,,,10000000.0,,,,,,,,,,,,
,18096000.0,0.174,6560000000.0,5119000000.0,282000000.0,2020000000.0,6664000000.0,6382000000.0,5033096000.0,5119000000.0,3232000000.0,6234000000.0,1985000000.0,1729000000.0,2.58,2.58,5119000000.0,5119000000.0,5119000000.0,5119000000.0,5119000000.0,1081000000.0,6200000000.0,104000000.0,,6278000000.0,1212000000.0,,930000000.0,7490000000.0,2020000000.0,9510000000.0,12395000000.0,104000000.0,104000000.0,-182000000.0,182000000.0,,,,,-44000000.0,,-182000000.0,182000000.0,,,148000000.0,306000000.0,624000000.0,624000000.0,V,2024-12-31 00:00:00,,,,,,,282000000.0,282000000.0,,,,44000000.0,,,,,,,,,,,,
,-132562000.0,0.158,6740000000.0,4577000000.0,305000000.0,1881000000.0,5901000000.0,5596000000.0,5283438000.0,4577000000.0,3159000000.0,5435000000.0,1974000000.0,1721000000.0,2.32,2.32,4577000000.0,4577000000.0,4577000000.0,4577000000.0,4577000000.0,861000000.0,5438000000.0,-839000000.0,,6435000000.0,1278000000.0,,973000000.0,7713000000.0,1881000000.0,9594000000.0,12391000000.0,-839000000.0,-839000000.0,-158000000.0,158000000.0,,,,,-1000000000.0,,-158000000.0,158000000.0,,,161000000.0,381000000.0,592000000.0,592000000.0,V,2025-03-31 00:00:00,,,,,,,305000000.0,305000000.0,,,,1000000000.0,,,,,,,,,,,,
,-70364756.039792,0.167535,7109000000.0,5272000000.0,317000000.0,1973000000.0,6689000000.0,6372000000.0,5621635243.960208,5272000000.0,3380000000.0,6177000000.0,1959000000.0,1709000000.0,2.69,2.69,5272000000.0,5272000000.0,5272000000.0,5272000000.0,5272000000.0,1061000000.0,6333000000.0,-420000000.0,,6792000000.0,1407000000.0,,1090000000.0,8199000000.0,1973000000.0,10172000000.0,13116000000.0,-420000000.0,-420000000.0,-39000000.0,39000000.0,,,,,-615000000.0,,-39000000.0,39000000.0,,,195000000.0,421000000.0,669000000.0,669000000.0,V,2025-06-30 00:00:00,,,,,,,317000000.0,317000000.0,,,,615000000.0,,,,,,,,,,,,
,43643012.189013,0.186509,6215000000.0,4872000000.0,264000000.0,1773000000.0,6449000000.0,6185000000.0,4681643012.189013,4872000000.0,2949000000.0,5938000000.0,2029000000.0,1610000000.0,2.4,2.4,4872000000.0,4872000000.0,4872000000.0,4872000000.0,4872000000.0,1117000000.0,5989000000.0,234000000.0,,5951000000.0,1176000000.0,,912000000.0,7127000000.0,1773000000.0,8900000000.0,11650000000.0,234000000.0,234000000.0,-196000000.0,196000000.0,,,,,-13000000.0,,-196000000.0,196000000.0,,,247000000.0,378000000.0,534000000.0,534000000.0,V,2024-06-30 00:00:00,,,,,,,264000000.0,264000000.0,,,,13000000.0,,,,,,,,,,,,
,31262711.864407,0.165411,6633000000.0,5318000000.0,274000000.0,1817000000.0,6822000000.0,6548000000.0,5160262711.864407,5318000000.0,3258000000.0,6349000000.0,2003000000.0,1710000000.0,2.65,2.66,5318000000.0,5318000000.0,5318000000.0,5318000000.0,5318000000.0,1054000000.0,6372000000.0,189000000.0,,6359000000.0,1441000000.0,,1167000000.0,7800000000.0,1817000000.0,9617000000.0,12277000000.0,189000000.0,189000000.0,-176000000.0,176000000.0,,,,,-10000000.0,,-176000000.0,176000000.0,,,199000000.0,551000000.0,616000000.0,616000000.0,V,2024-09-30 00:00:00,,,,,,,274000000.0,274000000.0,,,,10000000.0,,,,,,,,,,,,
,18096000.0,0.174,6560000000.0,5119000000.0,282000000.0,2020000000.0,6664000000.0,6382000000.0,5033096000.0,5119000000.0,3232000000.0,6234000000.0,1985000000.0,1729000000.0,2.58,2.58,5119000000.0,5119000000.0,5119000000.0,5119000000.0,5119000000.0,1081000000.0,6200000000.0,104000000.0,,6278000000.0,1212000000.0,,930000000.0,7490000000.0,2020000000.0,9510000000.0,12395000000.0,104000000.0,104000000.0,-182000000.0,182000000.0,,,,,-44000000.0,,-182000000.0,182000000.0,,,148000000.0,306000000.0,624000000.0,624000000.0,V,2024-12-31 00:00:00,,,,,,,282000000.0,282000000.0,,,,44000000.0,,,,,,,,,,,,
,-132562000.0,0.158,6740000000.0,4577000000.0,305000000.0,1881000000.0,5901000000.0,5596000000.0,5283438000.0,4577000000.0,3159000000.0,5435000000.0,1974000000.0,1721000000.0,2.32,2.32,4577000000.0,4577000000.0,4577000000.0,4577000000.0,4577000000.0,861000000.0,5438000000.0,-839000000.0,,6435000000.0,1278000000.0,,973000000.0,7713000000.0,1881000000.0,9594000000.0,12391000000.0,-839000000.0,-839000000.0,-158000000.0,158000000.0,,,,,-1000000000.0,,-158000000.0,158000000.0,,,161000000.0,381000000.0,592000000.0,592000000.0,V,2025-03-31 00:00:00,,,,,,,305000000.0,305000000.0,,,,1000000000.0,,,,,,,,,,,,
,-70364756.039792,0.167535,7109000000.0,5272000000.0,317000000.0,1973000000.0,6689000000.0,6372000000.0,5621635243.960208,5272000000.0,3380000000.0,6177000000.0,1959000000.0,1709000000.0,2.69,2.69,5272000000.0,5272000000.0,5272000000.0,5272000000.0,5272000000.0,1061000000.0,6333000000.0,-420000000.0,,6792000000.0,1407000000.0,,1090000000.0,8199000000.0,1973000000.0,10172000000.0,13116000000.0,-420000000.0,-420000000.0,-39000000.0,39000000.0,,,,,-615000000.0,,-39000000.0,39000000.0,,,195000000.0,421000000.0,669000000.0,669000000.0,V,2025-06-30 00:00:00,,,,,,,317000000.0,317000000.0,,,,615000000.0,,,,,,,,,,,,
,,,,,,,,,,,,,,,,,,,,,,,,,,,,,,,,,,,,,,,,,,,,,,,,,,,,WM,2024-03-31 00:00:00,,,,,,,,,,,,,,,,,176000000.0,,,,,,,
,-13862000.0,0.239,1631000000.0,680000000.0,543000000.0,3291000000.0,1573000000.0,1030000000.0,724138000.0,680000000.0,4335000000.0,1009000000.0,403200000.0,401300000.0,1.69,1.7,680000000.0,680000000.0,680000000.0,680000000.0,680000000.0,214000000.0,894000000.0,-37000000.0,-1000000.0,1067000000.0,1044000000.0,,485000000.0,2111000000.0,3291000000.0,5402000000.0,5402000000.0,-58000000.0,-58000000.0,-136000000.0,136000000.0,,,,0.0,-58000000.0,0.0,-136000000.0,136000000.0,,,,,485000000.0,169000000.0,WM,2024-06-30 00:00:00,,22000000.0,,,,,543000000.0,342000000.0,30000000.0,30000000.0,-58000000.0,,,,316000000.0,16000000.0,201000000.0,312000000.0,,,,,,
,-1888000.0,0.236,1692000000.0,760000000.0,558000000.0,3399000000.0,1684000000.0,1126000000.0,766112000.0,760000000.0,4482000000.0,1119000000.0,403200000.0,401500000.0,1.88,1.89,760000000.0,760000000.0,760000000.0,760000000.0,760000000.0,235000000.0,995000000.0,-1000000.0,6000000.0,1127000000.0,1083000000.0,,514000000.0,2210000000.0,3399000000.0,5609000000.0,5609000000.0,-8000000.0,-8000000.0,-131000000.0,131000000.0,,,,0.0,-8000000.0,2000000.0,-131000000.0,131000000.0,,,,,514000000.0,190000000.0,WM,2024-09-30 00:00:00,,1000000.0,,,,,558000000.0,355000000.0,32000000.0,32000000.0,-6000000.0,,,,324000000.0,11000000.0,203000000.0,323000000.0,,,,,,
,-4225714.285714,0.145714,1582000000.0,598000000.0,652000000.0,3553000000.0,1553000000.0,901000000.0,622774285.714286,598000000.0,4952000000.0,919000000.0,403600000.0,401600000.0,1.48,1.49,598000000.0,598000000.0,598000000.0,598000000.0,598000000.0,102000000.0,700000000.0,-40000000.0,-11000000.0,941000000.0,1399000000.0,,733000000.0,2340000000.0,3553000000.0,5893000000.0,5893000000.0,-29000000.0,-29000000.0,-201000000.0,201000000.0,,,,0.0,-29000000.0,2000000.0,-201000000.0,201000000.0,,,,,733000000.0,294000000.0,WM,2024-12-31 00:00:00,,0.0,,,,,652000000.0,1232000000.0,88000000.0,88000000.0,88000000.0,,,,439000000.0,14000000.0,,1144000000.0,,,,,,
,-2880000.0,0.192,1691000000.0,637000000.0,656000000.0,3647000000.0,1676000000.0,1020000000.0,649120000.0,637000000.0,4990000000.0,1013000000.0,403900000.0,402300000.0,1.58,1.58,637000000.0,637000000.0,637000000.0,637000000.0,637000000.0,151000000.0,788000000.0,-8000000.0,2000000.0,1028000000.0,1343000000.0,,668000000.0,2371000000.0,3647000000.0,6018000000.0,6018000000.0,-15000000.0,-15000000.0,-232000000.0,232000000.0,,,,0.0,-15000000.0,13000000.0,-232000000.0,232000000.0,,,,,668000000.0,241000000.0,WM,2025-03-31 00:00:00,,5000000.0,,,,,656000000.0,473000000.0,102000000.0,102000000.0,-2000000.0,,,,427000000.0,19000000.0,183000000.0,371000000.0,,,,,,
,-7812000.0,0.217,1904000000.0,726000000.0,708000000.0,3839000000.0,1868000000.0,1160000000.0,754188000.0,726000000.0,5243000000.0,1151000000.0,404300000.0,402600000.0,1.8,1.8,726000000.0,726000000.0,726000000.0,727000000.0,727000000.0,201000000.0,928000000.0,-27000000.0,7000000.0,1187000000.0,1404000000.0,,672000000.0,2591000000.0,3839000000.0,6430000000.0,6430000000.0,-36000000.0,-36000000.0,-232000000.0,232000000.0,,,,-1000000.0,-36000000.0,12000000.0,-232000000.0,232000000.0,,,,,672000000.0,260000000.0,WM,2025-06-30 00:00:00,,2000000.0,,,,,708000000.0,488000000.0,102000000.0,102000000.0,-24000000.0,,,,412000000.0,24000000.0,220000000.0,386000000.0,,,,,,
,,,,,,,,,,,,,,,,,,,,,,,,,,,,,,,,,,,,,,,,,,,,,,,,,,,,WM,2024-03-31 00:00:00,,,,,,,,,,,,,,,,,176000000.0,,,,,,,
,-13862000.0,0.239,1631000000.0,680000000.0,543000000.0,3291000000.0,1573000000.0,1030000000.0,724138000.0,680000000.0,4335000000.0,1009000000.0,403200000.0,401300000.0,1.69,1.7,680000000.0,680000000.0,680000000.0,680000000.0,680000000.0,214000000.0,894000000.0,-37000000.0,-1000000.0,1067000000.0,1044000000.0,,485000000.0,2111000000.0,3291000000.0,5402000000.0,5402000000.0,-58000000.0,-58000000.0,-136000000.0,136000000.0,,,,0.0,-58000000.0,0.0,-136000000.0,136000000.0,,,,,485000000.0,169000000.0,WM,2024-06-30 00:00:00,,22000000.0,,,,,543000000.0,342000000.0,30000000.0,30000000.0,-58000000.0,,,,316000000.0,16000000.0,201000000.0,312000000.0,,,,,,
,-1888000.0,0.236,1692000000.0,760000000.0,558000000.0,3399000000.0,1684000000.0,1126000000.0,766112000.0,760000000.0,4482000000.0,1119000000.0,403200000.0,401500000.0,1.88,1.89,760000000.0,760000000.0,760000000.0,760000000.0,760000000.0,235000000.0,995000000.0,-1000000.0,6000000.0,1127000000.0,1083000000.0,,514000000.0,2210000000.0,3399000000.0,5609000000.0,5609000000.0,-8000000.0,-8000000.0,-131000000.0,131000000.0,,,,0.0,-8000000.0,2000000.0,-131000000.0,131000000.0,,,,,514000000.0,190000000.0,WM,2024-09-30 00:00:00,,1000000.0,,,,,558000000.0,355000000.0,32000000.0,32000000.0,-6000000.0,,,,324000000.0,11000000.0,203000000.0,323000000.0,,,,,,
,-4225714.285714,0.145714,1582000000.0,598000000.0,652000000.0,3553000000.0,1553000000.0,901000000.0,622774285.714286,598000000.0,4952000000.0,919000000.0,403600000.0,401600000.0,1.48,1.49,598000000.0,598000000.0,598000000.0,598000000.0,598000000.0,102000000.0,700000000.0,-40000000.0,-11000000.0,941000000.0,1399000000.0,,733000000.0,2340000000.0,3553000000.0,5893000000.0,5893000000.0,-29000000.0,-29000000.0,-201000000.0,201000000.0,,,,0.0,-29000000.0,2000000.0,-201000000.0,201000000.0,,,,,733000000.0,294000000.0,WM,2024-12-31 00:00:00,,0.0,,,,,652000000.0,1232000000.0,88000000.0,88000000.0,88000000.0,,,,439000000.0,14000000.0,,1144000000.0,,,,,,
,-2880000.0,0.192,1691000000.0,637000000.0,656000000.0,3647000000.0,1676000000.0,1020000000.0,649120000.0,637000000.0,4990000000.0,1013000000.0,403900000.0,402300000.0,1.58,1.58,637000000.0,637000000.0,637000000.0,637000000.0,637000000.0,151000000.0,788000000.0,-8000000.0,2000000.0,1028000000.0,1343000000.0,,668000000.0,2371000000.0,3647000000.0,6018000000.0,6018000000.0,-15000000.0,-15000000.0,-232000000.0,232000000.0,,,,0.0,-15000000.0,13000000.0,-232000000.0,232000000.0,,,,,668000000.0,241000000.0,WM,2025-03-31 00:00:00,,5000000.0,,,,,656000000.0,473000000.0,102000000.0,102000000.0,-2000000.0,,,,427000000.0,19000000.0,183000000.0,371000000.0,,,,,,
,-7812000.0,0.217,1904000000.0,726000000.0,708000000.0,3839000000.0,1868000000.0,1160000000.0,754188000.0,726000000.0,5243000000.0,1151000000.0,404300000.0,402600000.0,1.8,1.8,726000000.0,726000000.0,726000000.0,727000000.0,727000000.0,201000000.0,928000000.0,-27000000.0,7000000.0,1187000000.0,1404000000.0,,672000000.0,2591000000.0,3839000000.0,6430000000.0,6430000000.0,-36000000.0,-36000000.0,-232000000.0,232000000.0,,,,-1000000.0,-36000000.0,12000000.0,-232000000.0,232000000.0,,,,,672000000.0,260000000.0,WM,2025-06-30 00:00:00,,2000000.0,,,,,708000000.0,488000000.0,102000000.0,102000000.0,-24000000.0,,,,412000000.0,24000000.0,220000000.0,386000000.0,,,,,,
,,,,,,,,,,,,,,,,,,,,,,,,,,,,,,,,,,,,,,,,,,,,,,,,,,2495000000.0,2495000000.0,XOM,2024-03-31 00:00:00,,,,,,,,,,,,,,,23000000.0,,,,,,,,,
,0.0,0.34,19723000000.0,9240000000.0,5787000000.0,69790000000.0,19723000000.0,13936000000.0,9240000000.0,9240000000.0,79090000000.0,,4317757009.0,4317757009.0,2.14,2.14,9240000000.0,9240000000.0,9240000000.0,9571000000.0,9571000000.0,4094000000.0,13665000000.0,3040000000.0,1296000000.0,10896000000.0,9300000000.0,,2568000000.0,20196000000.0,69790000000.0,89986000000.0,89986000000.0,,,-271000000.0,271000000.0,,,,-331000000.0,,,-271000000.0,271000000.0,,,,,2568000000.0,2568000000.0,XOM,2024-06-30 00:00:00,,1744000000.0,,153000000.0,,,,,,,,,,,34000000.0,,,,,,,,,6579000000.0
,0.0,0.35,19491000000.0,8610000000.0,6258000000.0,67400000000.0,19491000000.0,13233000000.0,8610000000.0,8610000000.0,76750000000.0,,4484375000.0,4484375000.0,1.92,1.92,8610000000.0,8610000000.0,8610000000.0,8971000000.0,8971000000.0,4055000000.0,13026000000.0,2191000000.0,710000000.0,11042000000.0,9350000000.0,,2296000000.0,20392000000.0,67400000000.0,87792000000.0,87792000000.0,,,-207000000.0,207000000.0,,,,-361000000.0,,,-207000000.0,207000000.0,,,,,2296000000.0,2296000000.0,XOM,2024-09-30 00:00:00,,1481000000.0,,339000000.0,,,,,,,,,,,,,,,,,,,,6715000000.0
,0.0,0.189341,16695000000.0,7610000000.0,6585000000.0,63811000000.0,16695000000.0,10110000000.0,7610000000.0,7610000000.0,73285000000.0,,4424418605.0,4424418605.0,1.72,1.72,7610000000.0,7610000000.0,7610000000.0,7955000000.0,7955000000.0,1858000000.0,9813000000.0,2337000000.0,1210000000.0,7773000000.0,9474000000.0,,2617000000.0,17247000000.0,63811000000.0,81058000000.0,81058000000.0,,,-297000000.0,297000000.0,,,,-345000000.0,,,-297000000.0,297000000.0,,,,,2617000000.0,2617000000.0,XOM,2024-12-31 00:00:00,,1127000000.0,,186000000.0,,,,,,,,,,,,,,,,,,,,6671000000.0
,0.0,0.34,17507000000.0,7713000000.0,5702000000.0,62573000000.0,17507000000.0,11805000000.0,7713000000.0,7713000000.0,71212000000.0,,4382386364.0,4382386364.0,1.76,1.76,7713000000.0,7713000000.0,7713000000.0,8033000000.0,8033000000.0,3567000000.0,11600000000.0,1959000000.0,590000000.0,9846000000.0,8639000000.0,,2540000000.0,18485000000.0,62573000000.0,81058000000.0,81058000000.0,,,-205000000.0,205000000.0,,,,-320000000.0,,,-205000000.0,205000000.0,,,,,2540000000.0,2540000000.0,XOM,2025-03-31 00:00:00,,1369000000.0,,64000000.0,,,,,,,,,,,,,,,,,,,,6035000000.0
,0.0,0.34,16951000000.0,7082000000.0,6101000000.0,61530000000.0,16951000000.0,10850000000.0,7082000000.0,7082000000.0,70566000000.0,,4331000000.0,4318292683.0,1.64,1.64,7082000000.0,7082000000.0,7082000000.0,7354000000.0,7354000000.0,3351000000.0,10705000000.0,1939000000.0,477000000.0,8911000000.0,9036000000.0,,2528000000.0,17947000000.0,61530000000.0,79477000000.0,79477000000.0,,,-145000000.0,145000000.0,,,,-272000000.0,,,-145000000.0,145000000.0,,,,,,,XOM,2025-06-30 00:00:00,,1462000000.0,,251000000.0,,,,,,,,,,,,,,,,,,,,6257000000.0
,,,,,,,,,,,,,,,,,,,,,,,,,,,,,,,,,,,,,,,,,,,,,,,,,,2495000000.0,2495000000.0,XOM,2024-03-31 00:00:00,,,,,,,,,,,,,,,23000000.0,,,,,,,,,
,0.0,0.34,19723000000.0,9240000000.0,5787000000.0,69790000000.0,19723000000.0,13936000000.0,9240000000.0,9240000000.0,79090000000.0,,4317757009.0,4317757009.0,2.14,2.14,9240000000.0,9240000000.0,9240000000.0,9571000000.0,9571000000.0,4094000000.0,13665000000.0,3040000000.0,1296000000.0,10896000000.0,9300000000.0,,2568000000.0,20196000000.0,69790000000.0,89986000000.0,89986000000.0,,,-271000000.0,271000000.0,,,,-331000000.0,,,-271000000.0,271000000.0,,,,,2568000000.0,2568000000.0,XOM,2024-06-30 00:00:00,,1744000000.0,,153000000.0,,,,,,,,,,,34000000.0,,,,,,,,,6579000000.0
,0.0,0.35,19491000000.0,8610000000.0,6258000000.0,67400000000.0,19491000000.0,13233000000.0,8610000000.0,8610000000.0,76750000000.0,,4484375000.0,4484375000.0,1.92,1.92,8610000000.0,8610000000.0,8610000000.0,8971000000.0,8971000000.0,4055000000.0,13026000000.0,2191000000.0,710000000.0,11042000000.0,9350000000.0,,2296000000.0,20392000000.0,67400000000.0,87792000000.0,87792000000.0,,,-207000000.0,207000000.0,,,,-361000000.0,,,-207000000.0,207000000.0,,,,,2296000000.0,2296000000.0,XOM,2024-09-30 00:00:00,,1481000000.0,,339000000.0,,,,,,,,,,,,,,,,,,,,6715000000.0
,0.0,0.189341,16695000000.0,7610000000.0,6585000000.0,63811000000.0,16695000000.0,10110000000.0,7610000000.0,7610000000.0,73285000000.0,,4424418605.0,4424418605.0,1.72,1.72,7610000000.0,7610000000.0,7610000000.0,7955000000.0,7955000000.0,1858000000.0,9813000000.0,2337000000.0,1210000000.0,7773000000.0,9474000000.0,,2617000000.0,17247000000.0,63811000000.0,81058000000.0,81058000000.0,,,-297000000.0,297000000.0,,,,-345000000.0,,,-297000000.0,297000000.0,,,,,2617000000.0,2617000000.0,XOM,2024-12-31 00:00:00,,1127000000.0,,186000000.0,,,,,,,,,,,,,,,,,,,,6671000000.0
,0.0,0.34,17507000000.0,7713000000.0,5702000000.0,62573000000.0,17507000000.0,11805000000.0,7713000000.0,7713000000.0,71212000000.0,,4382386364.0,4382386364.0,1.76,1.76,7713000000.0,7713000000.0,7713000000.0,8033000000.0,8033000000.0,3567000000.0,11600000000.0,1959000000.0,590000000.0,9846000000.0,8639000000.0,,2540000000.0,18485000000.0,62573000000.0,81058000000.0,81058000000.0,,,-205000000.0,205000000.0,,,,-320000000.0,,,-205000000.0,205000000.0,,,,,2540000000.0,2540000000.0,XOM,2025-03-31 00:00:00,,1369000000.0,,64000000.0,,,,,,,,,,,,,,,,,,,,6035000000.0
,0.0,0.34,16951000000.0,7082000000.0,6101000000.0,61530000000.0,16951000000.0,10850000000.0,7082000000.0,7082000000.0,70566000000.0,,4331000000.0,4318292683.0,1.64,1.64,7082000000.0,7082000000.0,7082000000.0,7354000000.0,7354000000.0,3351000000.0,10705000000.0,1939000000.0,477000000.0,8911000000.0,9036000000.0,,2528000000.0,17947000000.0,61530000000.0,79477000000.0,79477000000.0,,,-145000000.0,145000000.0,,,,-272000000.0,,,-145000000.0,145000000.0,,,,,,,XOM,2025-06-30 00:00:00,,1462000000.0,,251000000.0,,,,,,,,,,,,,,,,,,,,6257000000.0
